1988 3594
97 543 146 596 156
296 549 329 594 Δ.
349 546 480 593 HIRTII
496 547 546 592 DE
564 547 688 592 BELLO

97 665 154 719 ipsc
164 648 324 718 praesidium
334 648 436 711 babuit,
452 655 478 701 et
490 647 562 718 quod
575 647 692 718 primum
707 645 740 699 ad
754 644 898 701 amicitiam

96 723 153 775 eius
168 724 283 776 accessit.
304 723 368 777 lnde
385 722 522 793 parvulam
543 721 729 792 proclivitatem
749 721 896 793 digressus,

96 797 202 850 sinistra
219 807 291 867 parte
309 799 395 868 campi
415 807 519 868 propter
538 815 609 850 mare
620 796 734 868 legiones
751 796 830 849 ducit.
850 796 899 849 liic

96 889 205 942 campus
217 872 330 926 mirabili
343 872 450 942 planitie
463 879 531 941 pretet
545 872 627 924 millia
639 887 767 941 passuum
782 870 898 941 quinde-

96 947 161 1013 cim3
177 964 257 1017 quem
267 947 361 1019 iugum
372 948 474 1019 ingens,
486 947 574 1000 anteri
585 956 671 1000 ortum
683 963 768 1016 neque
778 946 811 998 ita
822 963 898 1015 prae-

96 1020 188 1085 altum,
211 1021 282 1075 velut
297 1022 388 1075 theatri
403 1021 481 1075 eflicit
495 1022 617 1091 speeiem.
640 1023 668 1074 ln
684 1021 733 1074 boe
746 1019 897 1093 iugoeolles

96 1106 159 1148 sunt
169 1096 263 1149 excelsi
275 1097 365 1167 pauci;
388 1097 415 1149 in
428 1097 527 1167 quibus
537 1094 658 1169 singulae
667 1104 752 1149 turres
762 1095 898 1166 speculae-

96 1187 149 1241 que
159 1171 280 1243 singulae
289 1179 517 1242 pervetereserant
527 1170 677 1225 collocatae:
698 1188 813 1241 quarum
824 1170 896 1241 apud

97 1245 217 1300 ultimum
230 1247 389 1315 praesidium
400 1256 425 1300 et
435 1247 510 1299 statio
520 1244 569 1299 luit
580 1246 720 1316 Scipionis

151 1321 300 1374 XXXVlll.
321 1323 462 1391 Postquam
473 1321 568 1375 Caesar
577 1321 609 1373 ad
620 1322 723 1393 iugum,
740 1320 773 1373 de
785 1336 838 1390 quo
848 1319 897 1372 do-

95 1395 148 1451 cui.
171 1395 306 1448 adscendit
320 1405 398 1465 atque
413 1396 439 1448 in
461 1413 680 1466 unumquemque
699 1394 790 1448 collem
809 1403 895 1448 turres

95 1468 254 1539 castellaque
264 1468 345 1523 lacere
355 1471 447 1540 eoepit,
460 1471 547 1541 (atque
556 1488 584 1524 ea
597 1471 685 1524 minus
694 1470 824 1523 semihora
834 1469 896 1522 elie-

95 1544 139 1608 cit)
154 1553 179 1597 et
194 1552 333 1614 postquam
347 1562 397 1598 non
415 1546 446 1598 ita
465 1545 540 1617 longe
550 1546 583 1598 ab
595 1545 687 1598 ultimo
700 1544 765 1598 colle
776 1545 895 1615 turrique

93 1614 154 1680 fuit,
177 1635 245 1688 quae
256 1620 373 1689 proxima
388 1618 437 1673 luit
451 1621 542 1673 eastris
557 1620 775 1683 adversariorum¹
798 1619 824 1672 in
840 1636 895 1689 qua

95 1692 171 1747 docui
183 1711 240 1747 esse
250 1695 409 1764 praesidium
418 1695 802 1766 stationemqueNumidarum;
818 1692 896 1764 paul-

96 1766 175 1837 lisper
184 1778 368 1834 commoratus,
379 1780 564 1841 perspectaque
573 1778 665 1823 nature
676 1769 733 1832 loci,
741 1769 857 1839 equitatu
866 1769 894 1822 in

95 1843 205 1897 statione
214 1844 348 1915 disposito,
362 1845 509 1918 legionibus
518 1862 585 1914 opus
596 1844 730 1909 adtribuit,
742 1844 894 1897 brachium-

95 1935 148 1989 que
158 1918 244 1973 medio
255 1921 316 1991 iugo
325 1921 359 1974 ab
369 1937 399 1973 eo
410 1920 476 1982 loeo,
490 1920 522 1973 ad
535 1937 613 1989 quem
630 1926 790 1990 pervenerat,
808 1936 894 1988 usque

94 1992 128 2046 ad
141 2010 212 2055 eum,
238 1995 307 2047 unde
326 2012 447 2065 egressus
467 2002 529 2056 erat,
552 1995 623 2047 iubet
643 1994 721 2066 dirigi
737 2010 766 2047 ae
782 1993 891 2046 muniri.

95 2067 170 2133 Quod
186 2077 324 2139 postquam
338 2067 424 2138 Scipio
439 2068 624 2138 Labienusque
640 2068 890 2130 animadverterunt,

94 2145 211 2214 equitatu
223 2144 296 2196 omni
307 2160 339 2196 ex
350 2143 441 2195 castris
450 2142 542 2195 educto
553 2144 659 2213 acieque
668 2144 782 2214 equestri
795 2143 893 2196 instru-

94 2226 143 2280 cta,
165 2217 252 2270 esuis
266 2217 459 2270 munitionibus
479 2217 580 2270 circiter
591 2234 685 2287 passus
705 2217 777 2271 mille
785 2235 893 2290 progre-

94 2291 205 2346 diuntur
218 2291 415 2362 pedestremque
429 2291 529 2362 copiam
548 2292 574 2346 in
589 2292 704 2346 secunda
719 2294 783 2358 acie,
803 2293 893 2347 minus

94 2384 189 2438 passus
199 2366 241 2420 CD
250 2384 264 2419 a
274 2367 366 2420 castris
377 2367 442 2431 suis,
454 2369 626 2421 constituunt.

150 2441 279 2495 XXXIX.
300 2442 395 2496 Caesar
412 2443 531 2512 inopere
548 2442 645 2496 milites
658 2441 788 2496 adhortari
808 2459 894 2512 neque

95 2515 304 2570 adversariorum
315 2517 397 2586 copiis
410 2518 518 2571 moveri.
540 2517 629 2583 Quum
644 2517 695 2570 iam
712 2534 762 2571 non
779 2517 893 2587 amplius

94 2607 222 2661 passuum
238 2593 285 2643 MD
300 2591 366 2644 inter
381 2592 497 2646 hostium
518 2593 723 2663 aciemsuasque
733 2593 893 2646 munitiones

94 2682 152 2719 esse
170 2666 396 2720 animadvertisset
416 2667 648 2738 intellexissetque‚
668 2667 700 2720 ad
714 2667 893 2738 impediendos

95 2739 192 2792 milites
202 2759 264 2794 suos
274 2750 298 2794 et
307 2742 593 2813 aboperedepellendos
600 2743 698 2796 bostem
709 2742 815 2812 propius
823 2758 895 2794 acce-

95 2812 165 2872 dere,
185 2833 341 2887 necesseque
356 2818 468 2882 baberet,
492 2818 630 2890 legionesa
642 2817 834 2871 munitionibus
848 2815 895 2869 de-

59 2940 62 2944 *
95 2887 203 2944 ducere:
235 2891 345 2961 imperat
364 2900 465 2947 turmae
483 2895 670 2964 Hispanorum,
691 2892 723 2946 ad
742 2891 894 2962 proximum

94 2961 188 3017 collem
200 2982 307 3036 propere
320 2967 485 3022 adcurrerent
503 2967 718 3039 praesidiumque
731 2966 792 3021 inde
806 2965 896 3019 detur-

94 3033 479 3112 barentloeumquecaperent3
498 3044 643 3113 eodemque
653 3043 725 3097 iubet
735 3040 800 3095 levis
809 3057 896 3095 arma-
