1988 3594
142 594 191 647 460
346 602 378 647 A.
400 600 529 646 Htttu'tt
546 600 595 643 DE
616 597 738 643 BELLO

137 705 191 768 pia,
205 704 249 754 libe
260 707 362 769 pretias
371 719 429 769 uqa,
446 701 507 769 (reon
518 705 585 753 enim
600 706 778 767 imperatorem
793 705 816 751 te
829 694 945 769 adpelle)

141 781 209 843 qaod
219 780 282 829 milri
291 781 371 829 citam
381 779 639 842 incolumitatemque,
655 777 715 826 belli
724 778 781 827 inre
791 781 876 841 capto,
885 774 946 840 pcl-

142 854 243 903 llcoris:
265 860 288 904 et
298 856 410 918 forsitan
420 855 468 903 isto
483 858 570 902 uterer
585 852 712 920 beneficio,
733 853 757 902 si
771 864 823 900 non
836 851 861 899 ei
873 864 946 901 sune

140 942 208 977 entem
218 929 504 992 scelnsadr'unperetur.
525 924 612 991 Egone
623 931 714 976 caretro
730 922 876 985 Caesarem,
894 925 947 975 im-

137 1008 284 1066 peratorem
305 1017 395 1062 eneam,
418 1003 489 1066 apud
510 1015 584 1065 quem
607 1001 722 1050 ordinem
741 1000 816 1059 duni,
840 1000 947 1064 eiusque

140 1079 296 1137 exercitum,
321 1092 371 1142 pro
395 1078 469 1126 cuites
493 1076 619 1139 dignitate
646 1075 806 1139 victoriaque
831 1073 948 1137 amplius

139 1149 266 1201 XXXVI
277 1153 353 1202 annis
367 1152 521 1216 depupnaui‚
537 1151 662 1200 adversus
676 1155 844 1214 arrectasque
860 1148 947 1199 aaut·

139 1220 227 1276 stam?
246 1223 335 1292 Neque
344 1241 390 1291 eqo
404 1227 474 1276 istud
486 1228 606 1290 [acturus
620 1239 685 1284 sum,
706 1229 730 1274 et
744 1230 767 1274 te
780 1236 945 1287 nmpnopere,

140 1306 169 1350 nt
178 1301 209 1350 de
220 1302 319 1366 nepotio
331 1302 448 1359 desistas,
460 1300 595 1350 adhortor.
619 1296 717 1350 Contra
732 1299 806 1350 cuius
820 1298 889 1348 enim
904 1311 949 1349 co-

138 1375 198 1438 pias
209 1377 354 1434 contendas,
366 1376 570 1426 siminusanlea
580 1380 702 1439 expertus
712 1374 891 1434 celicolarum
902 1386 948 1424 co-

64 1498 87 1519 4
139 1463 256 1514 qnoseas.
276 1447 351 1514 Elipe
363 1464 396 1500 ece
407 1452 459 1501 ttn‘s
471 1449 598 1499 retortam
607 1464 694 1509 anam,
710 1464 788 1514 qtmm
799 1454 880 1513 putas
892 1460 948 1499 etse

140 1525 323 1590 pronissimam,
335 1530 359 1574 et
370 1526 494 1575 constitue
504 1530 596 1575 contro
608 1539 663 1574 me:
683 1538 728 1589 eqo
742 1529 828 1575 autem
838 1538 873 1574 ex
882 1522 948 1573 mele

141 1598 363 1658 commilitonibus,
383 1614 447 1665 quos
467 1614 536 1650 nnnc
551 1601 580 1650 in
593 1605 638 1650 tua
656 1605 724 1648 tenes
740 1603 874 1663 potestate,
894 1610 948 1649 non

140 1676 252 1738 amplius
262 1674 347 1724 decem
356 1686 470 1725 sumam:
485 1680 545 1725 tunc
555 1676 695 1727 eastrtme
705 1673 946 1739 nostraintelleqee,
965 1720 970 1725 .

140 1750 204 1815 quid
216 1764 249 1800 ec
263 1750 314 1800 tuis
323 1751 404 1813 capiis
413 1764 520 1814 sperare
529 1750 630 1800 debeas.

196 1820 287 1876 XLVI.
308 1822 451 1892 Postquam
463 1821 526 1874 haec
534 1821 652 1875 centurio
661 1820 792 1891 praesenti
800 1818 889 1873 animo
899 1817 950 1873 ad-

141 1913 234 1952 versus
248 1896 399 1967 opinionem
413 1896 471 1950 eius
485 1902 523 1949 est
537 1895 653 1962 locutus,
671 1895 709 1949 ira
727 1895 841 1965 percitus
857 1893 948 1965 Scipio
975 1914 978 1919 ·

141 1980 220 2042 atque
230 1972 312 2024 animi
322 1971 410 2025 dolore
420 1972 544 2025 incensus
554 1970 647 2025 adnuit
656 1968 864 2033 centurionibus,
877 1968 948 2040 qnid

140 2046 197 2099 lieri
209 2045 299 2103 vellet:
321 2054 400 2116 atque
410 2054 470 2099 ante
481 2045 559 2115 pedes
573 2045 753 2099 centurionem
767 2044 889 2097 interficit
904 2062 949 2099 re—

140 2120 282 2190 liquosque
292 2128 428 2174 veteranos
437 2138 452 2173 a
462 2120 592 2174 tironibus
602 2120 675 2174 iubet
685 2120 796 2174 secerni.
809 2121 946 2185 Alduclte,

140 2195 236 2265 inquit,
248 2198 949 2262 istosnesarioscelerecontaminatosetcaedeciaium
979 2236 992 2267 ¹..

140 2275 285 2338 supinatae.
300 2269 343 2322 Sic
353 2277 424 2323 extra
435 2269 537 2323 vallum
547 2269 652 2324 deducti
663 2276 726 2324 sunt
735 2277 759 2324 et
769 2268 949 2324 cruciabiliter

141 2343 278 2399 interfecti.
299 2344 408 2399 Tirones
418 2352 505 2398 autem
518 2344 589 2399 iubet
600 2345 667 2399 inter
681 2344 796 2418 legiones
811 2344 948 2413 dispertiri

140 2427 165 2474 et
176 2420 329 2475 Cominium
339 2436 400 2474 cum
410 2420 499 2474 Ticida
509 2420 536 2474 in
547 2428 717 2492 conspectum
729 2437 810 2473 suurn
824 2419 949 2490 prohibet

140 2495 247 2550 adduci.
268 2494 325 2561 Qua
334 2512 368 2550 ex
379 2514 406 2549 re
417 2496 511 2551 Caesar
523 2504 679 2560 commotus,
702 2513 755 2559 eos,
773 2511 840 2565 quos
854 2492 881 2547 in
893 2502 949 2549 sta-

141 2571 329 2625 tionibuscum
341 2570 427 2644 longis
442 2572 555 2625 navibus
571 2572 642 2642 apud
657 2571 793 2641 Thapsum
813 2569 949 2624 custodiae

140 2663 233 2700 caussa
245 2646 273 2699 in
283 2645 339 2699 salo
349 2663 406 2700 esse
416 2647 536 2711 iusserat,
552 2654 582 2701 ut
597 2647 654 2701 suis
663 2646 789 2700 onerariis
805 2644 948 2717 longisque

141 2721 255 2775 navibus
272 2721 402 2791 praesidio
413 2729 509 2787 essent,
530 2721 565 2776 ob
581 2721 768 2795 negligentiam
784 2720 948 2793 ignominiae

141 2813 234 2850 caussa
244 2796 414 2851 dimittendos
425 2797 458 2851 ab
472 2797 597 2862 exercitu,
608 2797 854 2871 gravissimumque
864 2795 892 2848 in
903 2812 948 2850 eos

142 2871 256 2925 edictum
269 2872 468 2941 proponendum
479 2872 591 2926 curavit.

196 2948 302 3001 XLVII.
324 2948 373 3003 Per
387 2947 414 3001 id
431 2956 535 3018 tempus
554 2946 607 3001 fere
621 2946 739 3002 Caesaris
759 2944 885 3001 exercitui
905 2963 948 3000 res

141 3021 235 3074 accidit
245 3021 408 3076 incredibilis
423 3023 525 3077 auditu.
546 3024 668 3094 Namque
682 3021 853 3094 virgiliarum
869 3020 948 3094 signo

141 3095 265 3159 contecto,
286 3097 388 3152 circiter
403 3098 495 3171 vigilia
509 3098 625 3152 secunda
646 3098 737 3163 noctis,
761 3097 871 3152 nimbus
884 3114 947 3152 cum
