1988 3594
145 550 193 604 teo
339 553 370 605 A.
387 556 517 605 nrnrn
536 556 585 601 nn
603 555 729 600 sunno

144 660 194 713 rim
205 659 261 712 suis
270 659 404 730 equitibus
415 657 512 714 auxilia
522 657 652 729 equestria
665 655 818 710 submittere
831 655 943 710 sauciis·

143 731 942 808 queacdeiatigatisintegrosrecentioribusqueuiribusequi·

144 810 401 864 tessubministrurc.
422 812 563 880 Postquam
573 808 674 880 equites
684 807 778 862 Iuliani
791 806 875 862 CCCC
884 807 942 861 vim

143 885 268 948 bostium,
284 885 317 939 ad
329 894 441 956 quatuor
453 885 537 938 millia
549 900 668 948 numero,
686 883 815 937 sustinere
829 900 881 937 non
895 899 944 954 po·

143 967 226 1013 tornnt
245 968 270 1013 et
290 977 303 1012 a
319 959 369 1014 levi
388 968 519 1015 armatura
538 959 714 1014 Numidarum
734 957 943 1013 vulnerabantur

143 1035 348 1107 minutatimque
366 1036 503 1090 cedebant:
535 1035 630 1092 Caesar
647 1033 753 1089 alteram
767 1033 836 1088 alam
849 1035 940 1099 mittit,

143 1110 190 1180 qui
210 1112 388 1184 satagentibus
408 1111 523 1165 celeriter
541 1117 713 1165 occurrerent.
737 1109 796 1176 Quo
814 1108 880 1163 facto
898 1110 942 1163 sui

143 1184 239 1238 sublati
251 1187 377 1251 universi,
393 1187 420 1242 in
430 1187 517 1241 hostes
531 1186 702 1258 impressione
716 1184 791 1250 faeta,
808 1185 834 1238 in
849 1183 943 1259 fugam

140 1249 306 1315 adversarios
317 1261 454 1328 dederunt,
467 1262 559 1317 multis
569 1262 670 1326 occisis,
686 1260 867 1332 compluribus
880 1259 944 1315 vul-

139 1337 252 1391 neratis:
274 1337 383 1391 insecuti
394 1354 440 1409 per
451 1338 498 1392 tria
509 1336 591 1392 millia
600 1354 738 1408 passuum,
754 1353 839 1409 usque
850 1335 877 1390 in
887 1335 944 1389 col-

144 1419 182 1474 les
192 1411 312 1466 hostibus
322 1412 429 1479 adactis,
442 1431 471 1467 se
479 1413 512 1468 ad
522 1430 585 1467 suos
594 1413 733 1484 recipiunt.
754 1412 849 1468 Caesar
858 1411 885 1465 in
893 1410 943 1465 ho-

144 1505 199 1542 ram
211 1486 338 1542 decimam
347 1496 533 1553 commoratus,
549 1489 618 1543 siout
629 1497 683 1542 erat
697 1488 850 1552 instructus,
866 1504 894 1541 se
909 1486 944 1541 ad

144 1581 192 1616 sna
202 1570 284 1616 castra
296 1564 399 1634 recepit,
411 1565 536 1619 omnibus
546 1563 737 1618 incolumibus:
759 1563 786 1618 in
799 1580 853 1635 quo
865 1579 943 1635 proe-

144 1638 179 1692 lio
189 1638 318 1704 Pacidiue,
326 1640 439 1713 graviter
449 1640 553 1712 piloper
560 1640 688 1694 cassidem
697 1647 775 1709 caput
786 1638 862 1702 ictus,
869 1655 944 1693 eom-

144 1713 286 1785 pluresque
295 1714 385 1781 duces,
397 1733 427 1770 ac
437 1714 595 1770 fortissimus
605 1714 732 1788 quisque,
744 1712 869 1768 interiecti
880 1712 943 1769 vul·

144 1790 279 1860 neratique
290 1797 362 1845 sunt.

157 1876 160 1881 ·
198 1866 320 1920 LXXIX.
341 1867 484 1938 Postquam
498 1866 570 1922 nulla
585 1865 732 1921 conditione
744 1880 836 1938 cogere
849 1863 946 1923 adrien-

144 1941 226 1995 sarios
236 1949 343 2013 poterat,
359 1942 424 1996 utin
435 1960 550 2014 aequum
563 1941 650 1996 locum
663 1940 848 1996 descenderent
861 1930 962 2015 legio}-

145 2033 263 2087 numque
273 2017 419 2088 perieulum
430 2017 555 2086 facerent3
567 2019 716 2089 neqneipse
723 2016 832 2088 propius
840 2015 946 2073 hostem
956 1990 988 2181 F

144 2098 226 2145 castra
238 2109 333 2161 ponere
342 2100 446 2163 propter
455 2111 539 2163 aquae
547 2094 685 2164 penuriam
696 2111 724 2147 se
734 2109 810 2163 posse
823 2092 947 2147 animad-
968 2108 978 2155 ,¹

146 2167 274 2233 vertebat3
296 2162 457 2222 adversarios
472 2185 523 2222 non
534 2185 625 2222 eorum
637 2169 732 2222 virtute
740 2167 879 2231 confidere,
897 2169 944 2220 sed

145 2258 275 2313 aquarum
294 2243 381 2314 inopia
402 2242 479 2297 fretos
498 2243 629 2314 despicere
646 2260 674 2297 se
690 2242 831 2297 intellexit:
859 2241 945 2312 pridie

145 2319 213 2372 Non.
230 2318 291 2389 Apr.
306 2319 380 2372 tertia
396 2318 486 2390 vigilia
500 2334 621 2392 egressus
637 2318 670 2372 ab
684 2318 763 2389 Agar,
782 2318 844 2371 XVI
858 2316 943 2371 millia

146 2393 839 2467 nocteprogressus.adThapsum,ubiVirgiliuscum
849 2392 944 2466 grandi
985 2390 988 2401 '

146 2469 275 2540 praesidio
284 2476 408 2540 praeerat,
420 2477 502 2523 castra
512 2470 594 2541 ponit,
610 2468 792 2541 oppidumque
801 2486 832 2522 eo
842 2467 884 2522 die
893 2468 944 2522 cir-

145 2545 313 2599 cummunire
325 2545 408 2616 eoepit
423 2544 531 2616 locaque
546 2545 637 2599 idonea
655 2551 855 2616 opportunaque
872 2560 945 2598 com-

145 2620 221 2691 plura
241 2620 378 2691 praesidiis
398 2637 536 2692 oocupare3
562 2620 650 2675 hostes
669 2638 702 2674 ne
717 2621 814 2674 intrare
826 2617 858 2673 ad
872 2636 900 2672 se
915 2636 946 2673 ae

146 2695 200 2750 loca
215 2696 336 2750 interiora
349 2713 440 2766 capere
454 2704 570 2768 possent.
596 2695 682 2766 Scipio
697 2696 811 2760 interim,
833 2694 946 2766 cognitis

147 2772 264 2827 Caesaris
274 2770 401 2835 consiliis,
414 2771 445 2825 ad
456 2772 635 2826 necessitatem
646 2771 775 2826 adductus
789 2768 943 2836 dimicandi,

147 2865 179 2901 ne
191 2865 237 2918 per
246 2862 383 2900 summum
394 2845 506 2901 dedecus
516 2844 659 2901 fidissimos
672 2848 728 2901 suis
742 2846 820 2900 rebus
834 2844 947 2915 Thapsi-

146 2930 220 2975 tanos
230 2930 254 2976 et
260 2920 402 2994 Virgilium
413 2921 833 2986 amitteret,confestimCaesarem
845 2938 890 2991 per
899 2938 947 2975 su-

147 2998 246 3065 periora
257 2995 312 3051 loca
323 3005 487 3064 consecutus,
504 2998 587 3054 millia
601 3015 730 3071 passuum
744 3004 827 3052 octoa
842 2996 947 3070 Thapso

147 3069 218 3125 binis
227 3072 319 3126 castris
327 3072 454 3127 consedit.
