<?xml version="1.0" encoding="UTF-8"?>
<!DOCTYPE html PUBLIC "-//W3C//DTD XHTML 1.0 Transitional//EN"
    "http://www.w3.org/TR/xhtml1/DTD/xhtml1-transitional.dtd">
<html xmlns="http://www.w3.org/1999/xhtml" xml:lang="en" lang="en">
 <head>
  <title>
</title>
<meta http-equiv="Content-Type" content="text/html;charset=utf-8" />
  <meta name='ocr-system' content='tesseract 3.04.00' />
  <meta name='ocr-capabilities' content='ocr_page ocr_carea ocr_par ocr_line ocrx_word'/>
</head>
<body>
  <div class='ocr_page' id='page_1' title='image "./ciuliicaesarisc00caesgoog_0466.png"; bbox 0 0 1988 3594; ppageno 0'>
   <div class='ocr_carea' id='block_1_1' title="bbox 63 514 634 567">
    <p class='ocr_par' dir='ltr' id='par_1_1' title="bbox 63 514 634 567">
     <span class='ocr_line' id='line_1_1' title="bbox 63 514 634 567; baseline -0.012 0"><span class='ocrx_word' id='word_1_1' title='bbox 63 514 89 567; x_wconf 58' lang='grc' dir='ltr'><strong>ἢ</strong></span> <span class='ocrx_word' id='word_1_2' title='bbox 233 518 265 563; x_wconf 83' lang='grc' dir='ltr'><strong>Α.</strong></span> <span class='ocrx_word' id='word_1_3' title='bbox 287 516 416 562; x_wconf 82' lang='lat' dir='ltr'>HIRTII</span> <span class='ocrx_word' id='word_1_4' title='bbox 435 516 483 561; x_wconf 86' lang='lat' dir='ltr'><strong>DE</strong></span> <span class='ocrx_word' id='word_1_5' title='bbox 508 516 634 561; x_wconf 86' lang='lat' dir='ltr'><strong>BELLO</strong></span> 
     </span>
    </p>
   </div>
   <div class='ocr_carea' id='block_1_2' title="bbox 38 616 860 3087">
    <p class='ocr_par' dir='ltr' id='par_1_2' title="bbox 39 616 860 1587">
     <span class='ocr_line' id='line_1_2' title="bbox 55 616 843 690; baseline -0.001 -16"><span class='ocrx_word' id='word_1_6' title='bbox 55 618 158 674; x_wconf 85' lang='lat' dir='ltr'><strong>nesaris</strong></span> <span class='ocrx_word' id='word_1_7' title='bbox 172 616 306 690; x_wconf 77' lang='lat' dir='ltr'><strong>superiore</strong></span> <span class='ocrx_word' id='word_1_8' title='bbox 321 625 436 688; x_wconf 85' lang='lat' dir='ltr'><strong>tempore</strong></span> <span class='ocrx_word' id='word_1_9' title='bbox 450 634 565 689; x_wconf 81' lang='lat' dir='ltr'><strong>magnus</strong></span> <span class='ocrx_word' id='word_1_10' title='bbox 578 625 674 684; x_wconf 86' lang='lat' dir='ltr'><strong>terror;</strong></span> <span class='ocrx_word' id='word_1_11' title='bbox 695 624 729 681; x_wconf 86' lang='lat' dir='ltr'><strong>et,</strong></span> <span class='ocrx_word' id='word_1_12' title='bbox 745 632 843 690; x_wconf 82' lang='lat' dir='ltr'><strong>exspe-</strong></span> 
     </span>
     <span class='ocr_line' id='line_1_3' title="bbox 50 691 860 765; baseline 0.001 -19"><span class='ocrx_word' id='word_1_13' title='bbox 50 695 151 749; x_wconf 86' lang='lat' dir='ltr'><strong>:tatione</strong></span> <span class='ocrx_word' id='word_1_14' title='bbox 164 693 299 765; x_wconf 87' lang='lat' dir='ltr'><strong>copiarum</strong></span> <span class='ocrx_word' id='word_1_15' title='bbox 316 692 459 765; x_wconf 82' lang='lat' dir='ltr'><strong>regiarum,</strong></span> <span class='ocrx_word' id='word_1_16' title='bbox 481 693 611 747; x_wconf 87' lang='lat' dir='ltr'><strong>exercitus</strong></span> <span class='ocrx_word' id='word_1_17' title='bbox 625 693 683 746; x_wconf 87' lang='lat' dir='ltr'><strong>eius</strong></span> <span class='ocrx_word' id='word_1_18' title='bbox 698 709 740 746; x_wconf 88' lang='lat' dir='ltr'><strong>ma</strong></span> <span class='ocrx_word' id='word_1_19' title='bbox 762 691 785 746; x_wconf 92' lang='lat' dir='ltr'><strong>is</strong></span> <span class='ocrx_word' id='word_1_20' title='bbox 794 709 843 747; x_wconf 89' lang='lat' dir='ltr'><strong>su·</strong></span> <span class='ocrx_word' id='word_1_21' title='bbox 859 732 860 757; x_wconf 49' lang='lat'>2</span> 
     </span>
     <span class='ocr_line' id='line_1_4' title="bbox 45 709 860 841; baseline -0.001 -19"><span class='ocrx_word' id='word_1_22' title='bbox 45 770 174 841; x_wconf 63' lang='lat' dir='ltr'><strong>spensiore</strong></span> <span class='ocrx_word' id='word_1_23' title='bbox 188 767 278 823; x_wconf 88' lang='lat' dir='ltr'><strong>animo</strong></span> <span class='ocrx_word' id='word_1_24' title='bbox 291 776 351 821; x_wconf 85' lang='lat' dir='ltr'><strong>ante</strong></span> <span class='ocrx_word' id='word_1_25' title='bbox 361 766 504 822; x_wconf 84' lang='lat' dir='ltr'><strong>adventum</strong></span> <span class='ocrx_word' id='word_1_26' title='bbox 518 767 598 822; x_wconf 83' lang='lat' dir='ltr'><strong>iubae</strong></span> <span class='ocrx_word' id='word_1_27' title='bbox 610 709 840 823; x_wconf 74' lang='lat' dir='ltr'><strong>commovebatur:</strong></span> <span class='ocrx_word' id='word_1_28' title='bbox 859 777 860 832; x_wconf 52' lang='grc' dir='ltr'>ζ</span> 
     </span>
     <span class='ocr_line' id='line_1_5' title="bbox 40 841 860 930; baseline 0 -33"><span class='ocrx_word' id='word_1_29' title='bbox 40 851 178 930; x_wconf 82' lang='lat' dir='ltr'><strong>postquam</strong></span> <span class='ocrx_word' id='word_1_30' title='bbox 201 859 262 899; x_wconf 87' lang='lat' dir='ltr'><strong>vcro</strong></span> <span class='ocrx_word' id='word_1_31' title='bbox 281 849 363 896; x_wconf 84' lang='lat' dir='ltr'><strong>castra</strong></span> <span class='ocrx_word' id='word_1_32' title='bbox 383 841 475 896; x_wconf 86' lang='lat' dir='ltr'><strong>castris</strong></span> <span class='ocrx_word' id='word_1_33' title='bbox 496 842 615 907; x_wconf 86' lang='lat' dir='ltr'><strong>contulit,</strong></span> <span class='ocrx_word' id='word_1_34' title='bbox 636 841 765 914; x_wconf 79' lang='lat' dir='ltr'><strong>despectis</strong></span> <span class='ocrx_word' id='word_1_35' title='bbox 783 842 842 897; x_wconf 86' lang='lat' dir='ltr'><strong>eius</strong></span> <span class='ocrx_word' id='word_1_36' title='bbox 859 866 860 912; x_wconf 69' lang='grc' dir='ltr'>ι</span> 
     </span>
     <span class='ocr_line' id='line_1_6' title="bbox 40 916 843 990; baseline 0 -17"><span class='ocrx_word' id='word_1_37' title='bbox 40 920 130 990; x_wconf 87' lang='lat' dir='ltr'><strong>copiis,</strong></span> <span class='ocrx_word' id='word_1_38' title='bbox 146 935 252 973; x_wconf 86' lang='lat' dir='ltr'><strong>onrnern</strong></span> <span class='ocrx_word' id='word_1_39' title='bbox 268 926 392 972; x_wconf 88' lang='lat' dir='ltr'><strong>torrorem</strong></span> <span class='ocrx_word' id='word_1_40' title='bbox 402 916 518 988; x_wconf 82' lang='lat' dir='ltr'><strong>deponit</strong></span> <span class='ocrx_word' id='word_1_41' title='bbox 548 919 595 982; x_wconf 83' lang='lat' dir='ltr'><strong>lta,</strong></span> <span class='ocrx_word' id='word_1_42' title='bbox 613 934 693 989; x_wconf 88' lang='lat' dir='ltr'><strong>quam</strong></span> <span class='ocrx_word' id='word_1_43' title='bbox 709 924 786 983; x_wconf 81' lang='lat' dir='ltr'><strong>antea</strong></span> <span class='ocrx_word' id='word_1_44' title='bbox 795 917 843 973; x_wconf 87' lang='lat' dir='ltr'><strong>ab·</strong></span> 
     </span>
     <span class='ocr_line' id='line_1_7' title="bbox 41 976 860 1063; baseline -0.006 -15"><span class='ocrx_word' id='word_1_45' title='bbox 41 1013 102 1048; x_wconf 91' lang='lat' dir='ltr'><strong>sens</strong></span> <span class='ocrx_word' id='word_1_46' title='bbox 116 993 244 1047; x_wconf 85' lang='lat' dir='ltr'><strong>habuerat</strong></span> <span class='ocrx_word' id='word_1_47' title='bbox 258 992 446 1057; x_wconf 86' lang='lat' dir='ltr'><strong>auctoritatam,</strong></span> <span class='ocrx_word' id='word_1_48' title='bbox 464 1009 522 1046; x_wconf 89' lang='lat' dir='ltr'><strong>earn</strong></span> <span class='ocrx_word' id='word_1_49' title='bbox 536 1009 642 1047; x_wconf 88' lang='lat' dir='ltr'><strong>omnem</strong></span> <span class='ocrx_word' id='word_1_50' title='bbox 660 1008 785 1063; x_wconf 85' lang='lat' dir='ltr'><strong>praesens</strong></span> <span class='ocrx_word' id='word_1_51' title='bbox 800 992 843 1047; x_wconf 88' lang='lat' dir='ltr'><strong>di-</strong></span> <span class='ocrx_word' id='word_1_52' title='bbox 859 976 860 1043; x_wconf 78' lang='lat' dir='ltr'><strong>i</strong></span> 
     </span>
     <span class='ocr_line' id='line_1_8' title="bbox 41 1057 860 1140; baseline -0.004 -17"><span class='ocrx_word' id='word_1_53' title='bbox 41 1068 167 1140; x_wconf 77' lang='lat' dir='ltr'><strong>miserat.)</strong></span> <span class='ocrx_word' id='word_1_54' title='bbox 193 1066 278 1134; x_wconf 83' lang='lat' dir='ltr'><strong>Quos</strong></span> <span class='ocrx_word' id='word_1_55' title='bbox 276 1076 332 1121; x_wconf 85' lang='lat' dir='ltr'><strong>uoto</strong></span> <span class='ocrx_word' id='word_1_56' title='bbox 345 1066 431 1121; x_wconf 88' lang='lat' dir='ltr'><strong>cuivis</strong></span> <span class='ocrx_word' id='word_1_57' title='bbox 445 1065 520 1121; x_wconf 77' lang='lat' dir='ltr'><strong>facile</strong></span> <span class='ocrx_word' id='word_1_58' title='bbox 533 1065 767 1131; x_wconf 73' lang='lat' dir='ltr'><strong>subintellectum,</strong></span> <span class='ocrx_word' id='word_1_59' title='bbox 785 1066 844 1123; x_wconf 83' lang='lat' dir='ltr'><strong>Soi-</strong></span> <span class='ocrx_word' id='word_1_60' title='bbox 859 1057 860 1120; x_wconf 77' lang='lat' dir='ltr'><strong>i</strong></span> 
     </span>
     <span class='ocr_line' id='line_1_9' title="bbox 40 1139 860 1227; baseline -0.002 -28"><span class='ocrx_word' id='word_1_61' title='bbox 40 1145 113 1216; x_wconf 94' lang='lat' dir='ltr'><strong>pioni</strong></span> <span class='ocrx_word' id='word_1_62' title='bbox 133 1142 252 1197; x_wconf 88' lang='lat' dir='ltr'><strong>additum</strong></span> <span class='ocrx_word' id='word_1_63' title='bbox 271 1142 393 1197; x_wconf 85' lang='lat' dir='ltr'><strong>animum</strong></span> <span class='ocrx_word' id='word_1_64' title='bbox 415 1140 594 1227; x_wconf 82' lang='lat' dir='ltr'><strong>fiduciamque</strong></span> <span class='ocrx_word' id='word_1_65' title='bbox 616 1141 686 1215; x_wconf 77' lang='lat' dir='ltr'><strong>regis</strong></span> <span class='ocrx_word' id='word_1_66' title='bbox 708 1139 860 1210; x_wconf 77' lang='lat' dir='ltr'><strong>adventu·</strong></span> <span class='ocrx_word' id='word_1_67' title='bbox 859 1139 860 1178; x_wconf 79' lang='lat' dir='ltr'><strong>t</strong></span> 
     </span>
     <span class='ocr_line' id='line_1_10' title="bbox 42 1215 843 1302; baseline 0 -29"><span class='ocrx_word' id='word_1_68' title='bbox 42 1237 102 1273; x_wconf 88' lang='lat' dir='ltr'><strong>narn</strong></span> <span class='ocrx_word' id='word_1_69' title='bbox 113 1226 215 1290; x_wconf 82' lang='lat' dir='ltr'><strong>postero</strong></span> <span class='ocrx_word' id='word_1_70' title='bbox 231 1217 275 1271; x_wconf 86' lang='lat' dir='ltr'><strong>dic</strong></span> <span class='ocrx_word' id='word_1_71' title='bbox 292 1218 429 1271; x_wconf 85' lang='lat' dir='ltr'><strong>universas</strong></span> <span class='ocrx_word' id='word_1_72' title='bbox 444 1234 507 1271; x_wconf 90' lang='lat' dir='ltr'><strong>suas</strong></span> <span class='ocrx_word' id='word_1_73' title='bbox 521 1217 644 1302; x_wconf 80' lang='lat' dir='ltr'><strong>regisque</strong></span> <span class='ocrx_word' id='word_1_74' title='bbox 657 1215 756 1287; x_wconf 87' lang='lat' dir='ltr'><strong>copias,</strong></span> <span class='ocrx_word' id='word_1_75' title='bbox 778 1233 843 1273; x_wconf 88' lang='lat' dir='ltr'><strong>oum</strong></span> 
     </span>
     <span class='ocr_line' id='line_1_11' title="bbox 41 1291 844 1379; baseline -0.001 -31"><span class='ocrx_word' id='word_1_76' title='bbox 41 1293 187 1379; x_wconf 82' lang='lat' dir='ltr'><strong>elephantis</strong></span> <span class='ocrx_word' id='word_1_77' title='bbox 198 1293 333 1365; x_wconf 79' lang='lat' dir='ltr'><strong>sexaginte</strong></span> <span class='ocrx_word' id='word_1_78' title='bbox 349 1291 506 1363; x_wconf 86' lang='lat' dir='ltr'><strong>productas</strong></span> <span class='ocrx_word' id='word_1_79' title='bbox 500 1310 526 1345; x_wconf 82' lang='lat' dir='ltr'><strong>in</strong></span> <span class='ocrx_word' id='word_1_80' title='bbox 537 1291 629 1355; x_wconf 82' lang='lat' dir='ltr'><strong>aciem</strong></span> <span class='ocrx_word' id='word_1_81' title='bbox 645 1307 727 1362; x_wconf 88' lang='lat' dir='ltr'><strong>quam</strong></span> <span class='ocrx_word' id='word_1_82' title='bbox 739 1292 844 1363; x_wconf 86' lang='lat' dir='ltr'><strong>specio·</strong></span> 
     </span>
     <span class='ocr_line' id='line_1_12' title="bbox 39 1365 843 1439; baseline -0.001 -17"><span class='ocrx_word' id='word_1_83' title='bbox 39 1386 145 1422; x_wconf 81' lang='lat' dir='ltr'><strong>sissrme</strong></span> <span class='ocrx_word' id='word_1_84' title='bbox 154 1367 247 1438; x_wconf 81' lang='lat' dir='ltr'><strong>potuit</strong></span> <span class='ocrx_word' id='word_1_85' title='bbox 258 1366 397 1421; x_wconf 82' lang='lat' dir='ltr'><strong>instruxit:</strong></span> <span class='ocrx_word' id='word_1_86' title='bbox 419 1383 457 1430; x_wconf 89' lang='lat' dir='ltr'><strong>ac,</strong></span> <span class='ocrx_word' id='word_1_87' title='bbox 469 1365 558 1436; x_wconf 82' lang='lat' dir='ltr'><strong>paullo</strong></span> <span class='ocrx_word' id='word_1_88' title='bbox 569 1365 674 1439; x_wconf 80' lang='lat' dir='ltr'><strong>longius</strong></span> <span class='ocrx_word' id='word_1_89' title='bbox 684 1381 843 1439; x_wconf 81' lang='lat' dir='ltr'><strong>progressus</strong></span> 
     </span>
     <span class='ocr_line' id='line_1_13' title="bbox 39 1441 844 1508; baseline -0.001 -12"><span class='ocrx_word' id='word_1_90' title='bbox 39 1443 73 1497; x_wconf 93' lang='lat' dir='ltr'><strong>ab</strong></span> <span class='ocrx_word' id='word_1_91' title='bbox 90 1442 147 1496; x_wconf 91' lang='lat' dir='ltr'><strong>suis</strong></span> <span class='ocrx_word' id='word_1_92' title='bbox 169 1441 373 1506; x_wconf 88' lang='lat' dir='ltr'><strong>munitionibus,</strong></span> <span class='ocrx_word' id='word_1_93' title='bbox 394 1441 466 1495; x_wconf 87' lang='lat' dir='ltr'><strong>baud</strong></span> <span class='ocrx_word' id='word_1_94' title='bbox 486 1441 520 1495; x_wconf 84' lang='grc' dir='ltr'><strong>ιιι</strong></span> <span class='ocrx_word' id='word_1_95' title='bbox 539 1442 585 1496; x_wconf 90' lang='lat' dir='ltr'><strong>diu</strong></span> <span class='ocrx_word' id='word_1_96' title='bbox 606 1448 844 1508; x_wconf 83' lang='lat' dir='ltr'><strong>commoratus‚ss</strong></span> 
     </span>
     <span class='ocr_line' id='line_1_14' title="bbox 41 1517 280 1587; baseline -0.004 -16"><span class='ocrx_word' id='word_1_97' title='bbox 41 1517 135 1587; x_wconf 87' lang='lat' dir='ltr'><strong>recepit</strong></span> <span class='ocrx_word' id='word_1_98' title='bbox 148 1517 174 1570; x_wconf 94' lang='lat' dir='ltr'><strong>in</strong></span> <span class='ocrx_word' id='word_1_99' title='bbox 187 1523 280 1570; x_wconf 87' lang='lat' dir='ltr'><strong>castra.</strong></span> 
     </span>
    </p>

    <p class='ocr_par' dir='ltr' id='par_1_3' title="bbox 38 1590 857 2393">
     <span class='ocr_line' id='line_1_15' title="bbox 94 1590 857 1664; baseline 0.003 -18"><span class='ocrx_word' id='word_1_100' title='bbox 94 1592 192 1646; x_wconf 81' lang='lat' dir='ltr'><strong>XLIX.</strong></span> <span class='ocrx_word' id='word_1_101' title='bbox 225 1591 320 1647; x_wconf 84' lang='lat' dir='ltr'><strong>Caesar</strong></span> <span class='ocrx_word' id='word_1_102' title='bbox 341 1598 483 1663; x_wconf 82' lang='lat' dir='ltr'><strong>postquem</strong></span> <span class='ocrx_word' id='word_1_103' title='bbox 501 1590 698 1655; x_wconf 84' lang='lat' dir='ltr'><strong>animadvertit,</strong></span> <span class='ocrx_word' id='word_1_104' title='bbox 723 1590 857 1664; x_wconf 50' lang='lat' dir='ltr'><strong>Scipionis</strong></span> 
     </span>
     <span class='ocr_line' id='line_1_16' title="bbox 39 1665 852 1739; baseline 0 -18"><span class='ocrx_word' id='word_1_105' title='bbox 39 1666 139 1722; x_wconf 71' lang='lat' dir='ltr'><strong>currilia</strong></span> <span class='ocrx_word' id='word_1_106' title='bbox 152 1665 213 1730; x_wconf 82' lang='lat' dir='ltr'><strong>iere,</strong></span> <span class='ocrx_word' id='word_1_107' title='bbox 230 1684 298 1739; x_wconf 89' lang='lat' dir='ltr'><strong>quae</strong></span> <span class='ocrx_word' id='word_1_108' title='bbox 307 1674 496 1738; x_wconf 82' lang='lat' dir='ltr'><strong>exspectasset,</strong></span> <span class='ocrx_word' id='word_1_109' title='bbox 512 1666 600 1719; x_wconf 86' lang='lat' dir='ltr'><strong>omnia</strong></span> <span class='ocrx_word' id='word_1_110' title='bbox 614 1667 780 1733; x_wconf 83' lang='lat' dir='ltr'><strong>convenisse,</strong></span> <span class='ocrx_word' id='word_1_111' title='bbox 797 1685 852 1723; x_wconf 52' lang='lat' dir='ltr'><strong>nen.</strong></span> 
     </span>
     <span class='ocr_line' id='line_1_17' title="bbox 40 1739 843 1815; baseline 0.004 -19"><span class='ocrx_word' id='word_1_112' title='bbox 40 1760 93 1813; x_wconf 85' lang='lat' dir='ltr'><strong>que</strong></span> <span class='ocrx_word' id='word_1_113' title='bbox 103 1759 205 1797; x_wconf 84' lang='lat' dir='ltr'><strong>moram</strong></span> <span class='ocrx_word' id='word_1_114' title='bbox 217 1741 355 1815; x_wconf 80' lang='lat' dir='ltr'><strong>pugnandi</strong></span> <span class='ocrx_word' id='word_1_115' title='bbox 366 1740 447 1796; x_wconf 87' lang='lat' dir='ltr'><strong>ullam</strong></span> <span class='ocrx_word' id='word_1_116' title='bbox 458 1739 521 1805; x_wconf 83' lang='lat' dir='ltr'><strong>iore,</strong></span> <span class='ocrx_word' id='word_1_117' title='bbox 538 1757 584 1812; x_wconf 88' lang='lat' dir='ltr'><strong>per</strong></span> <span class='ocrx_word' id='word_1_118' title='bbox 593 1741 688 1814; x_wconf 83' lang='lat' dir='ltr'><strong>iugum</strong></span> <span class='ocrx_word' id='word_1_119' title='bbox 700 1758 843 1799; x_wconf 85' lang='lat' dir='ltr'><strong>summum</strong></span> 
     </span>
     <span class='ocr_line' id='line_1_18' title="bbox 39 1815 843 1888; baseline 0.006 -18"><span class='ocrx_word' id='word_1_120' title='bbox 39 1835 100 1871; x_wconf 86' lang='lat' dir='ltr'><strong>curn</strong></span> <span class='ocrx_word' id='word_1_121' title='bbox 120 1817 203 1887; x_wconf 85' lang='lat' dir='ltr'><strong>copiis</strong></span> <span class='ocrx_word' id='word_1_122' title='bbox 219 1816 340 1887; x_wconf 68' lang='lat' dir='ltr'><strong>progredi</strong></span> <span class='ocrx_word' id='word_1_123' title='bbox 355 1816 438 1888; x_wconf 89' lang='lat' dir='ltr'><strong>coepit</strong></span> <span class='ocrx_word' id='word_1_124' title='bbox 454 1824 480 1871; x_wconf 89' lang='grc' dir='ltr'><strong>ιι</strong></span> <span class='ocrx_word' id='word_1_125' title='bbox 494 1815 600 1869; x_wconf 86' lang='lat' dir='ltr'><strong>brachia</strong></span> <span class='ocrx_word' id='word_1_126' title='bbox 614 1815 735 1887; x_wconf 90' lang='lat' dir='ltr'><strong>protinus</strong></span> <span class='ocrx_word' id='word_1_127' title='bbox 746 1816 843 1875; x_wconf 78' lang='lat' dir='ltr'><strong>uueen</strong></span> 
     </span>
     <span class='ocr_line' id='line_1_19' title="bbox 39 1889 838 1963; baseline 0.003 -17"><span class='ocrx_word' id='word_1_128' title='bbox 39 1891 177 1946; x_wconf 84' lang='lat' dir='ltr'><strong>otcastolla</strong></span> <span class='ocrx_word' id='word_1_129' title='bbox 188 1893 302 1955; x_wconf 84' lang='lat' dir='ltr'><strong>munire,</strong></span> <span class='ocrx_word' id='word_1_130' title='bbox 317 1891 480 1963; x_wconf 88' lang='lat' dir='ltr'><strong>propiusque</strong></span> <span class='ocrx_word' id='word_1_131' title='bbox 489 1889 638 1961; x_wconf 86' lang='lat' dir='ltr'><strong>Scipionem</strong></span> <span class='ocrx_word' id='word_1_132' title='bbox 648 1891 775 1962; x_wconf 85' lang='lat' dir='ltr'><strong>capiendo</strong></span> <span class='ocrx_word' id='word_1_133' title='bbox 788 1892 838 1949; x_wconf 77' lang='lat' dir='ltr'><strong>loos</strong></span> 
     </span>
     <span class='ocr_line' id='line_1_20' title="bbox 39 1964 832 2038; baseline 0.003 -18"><span class='ocrx_word' id='word_1_134' title='bbox 39 1966 141 2021; x_wconf 82' lang='lat' dir='ltr'><strong>excelse</strong></span> <span class='ocrx_word' id='word_1_135' title='bbox 157 1983 284 2037; x_wconf 83' lang='lat' dir='ltr'><strong>occupare</strong></span> <span class='ocrx_word' id='word_1_136' title='bbox 303 1965 446 2020; x_wconf 81' lang='lat' dir='ltr'><strong>contendit.</strong></span> <span class='ocrx_word' id='word_1_137' title='bbox 475 1964 635 2031; x_wconf 80' lang='lat' dir='ltr'><strong>Adversarii,</strong></span> <span class='ocrx_word' id='word_1_138' title='bbox 657 1966 832 2038; x_wconf 78' lang='lat' dir='ltr'><strong>magnitudin</strong></span> 
     </span>
     <span class='ocr_line' id='line_1_21' title="bbox 39 2038 828 2112; baseline 0 -17"><span class='ocrx_word' id='word_1_139' title='bbox 39 2041 175 2112; x_wconf 84' lang='lat' dir='ltr'><strong>copiarum</strong></span> <span class='ocrx_word' id='word_1_140' title='bbox 192 2040 298 2104; x_wconf 84' lang='lat' dir='ltr'><strong>contisi,</strong></span> <span class='ocrx_word' id='word_1_141' title='bbox 319 2041 472 2111; x_wconf 88' lang='lat' dir='ltr'><strong>proximum</strong></span> <span class='ocrx_word' id='word_1_142' title='bbox 487 2038 580 2094; x_wconf 89' lang='lat' dir='ltr'><strong>collem</strong></span> <span class='ocrx_word' id='word_1_143' title='bbox 593 2048 790 2111; x_wconf 86' lang='lat' dir='ltr'><strong>occupaverunt</strong></span> <span class='ocrx_word' id='word_1_144' title='bbox 804 2049 828 2095; x_wconf 87' lang='lat' dir='ltr'><strong>at</strong></span> 
     </span>
     <span class='ocr_line' id='line_1_22' title="bbox 39 2113 822 2187; baseline 0.004 -19"><span class='ocrx_word' id='word_1_145' title='bbox 39 2132 92 2185; x_wconf 89' lang='lat' dir='ltr'><strong>que</strong></span> <span class='ocrx_word' id='word_1_146' title='bbox 109 2115 143 2168; x_wconf 89' lang='lat' dir='ltr'><strong>itu</strong></span> <span class='ocrx_word' id='word_1_147' title='bbox 153 2113 259 2186; x_wconf 81' lang='lat' dir='ltr'><strong>longius</strong></span> <span class='ocrx_word' id='word_1_148' title='bbox 274 2114 310 2168; x_wconf 94' lang='lat' dir='ltr'><strong>ibi</strong></span> <span class='ocrx_word' id='word_1_149' title='bbox 322 2114 506 2187; x_wconf 80' lang='lat' dir='ltr'><strong>progrediendi</strong></span> <span class='ocrx_word' id='word_1_150' title='bbox 517 2115 671 2185; x_wconf 86' lang='lat' dir='ltr'><strong>eripuerunt</strong></span> <span class='ocrx_word' id='word_1_151' title='bbox 679 2113 822 2171; x_wconf 84' lang='lat' dir='ltr'><strong>facultaten</strong></span> 
     </span>
     <span class='ocr_line' id='line_1_23' title="bbox 38 2187 816 2263; baseline 0.001 -20"><span class='ocrx_word' id='word_1_152' title='bbox 38 2188 167 2243; x_wconf 87' lang='lat' dir='ltr'><strong>Eiusdem</strong></span> <span class='ocrx_word' id='word_1_153' title='bbox 185 2187 259 2242; x_wconf 83' lang='lat' dir='ltr'><strong>collis</strong></span> <span class='ocrx_word' id='word_1_154' title='bbox 276 2189 421 2258; x_wconf 85' lang='lat' dir='ltr'><strong>occupandi</strong></span> <span class='ocrx_word' id='word_1_155' title='bbox 439 2188 523 2263; x_wconf 82' lang='lat' dir='ltr'><strong>gratia</strong></span> <span class='ocrx_word' id='word_1_156' title='bbox 543 2188 676 2243; x_wconf 80' lang='lat' dir='ltr'><strong>Labienus</strong></span> <span class='ocrx_word' id='word_1_157' title='bbox 696 2190 816 2245; x_wconf 50' lang='lat' dir='ltr'><strong>consiliu*</strong></span> 
     </span>
     <span class='ocr_line' id='line_1_24' title="bbox 38 2261 811 2335; baseline 0.005 -18"><span class='ocrx_word' id='word_1_158' title='bbox 38 2271 141 2334; x_wconf 82' lang='lat' dir='ltr'><strong>ceperat</strong></span> <span class='ocrx_word' id='word_1_159' title='bbox 159 2269 193 2328; x_wconf 85' lang='lat' dir='ltr'><strong>et,</strong></span> <span class='ocrx_word' id='word_1_160' title='bbox 215 2280 269 2335; x_wconf 90' lang='lat' dir='ltr'><strong>quo</strong></span> <span class='ocrx_word' id='word_1_161' title='bbox 283 2263 403 2335; x_wconf 88' lang='lat' dir='ltr'><strong>propiore</strong></span> <span class='ocrx_word' id='word_1_162' title='bbox 424 2263 479 2317; x_wconf 86' lang='lat' dir='ltr'><strong>loco</strong></span> <span class='ocrx_word' id='word_1_163' title='bbox 497 2261 595 2328; x_wconf 83' lang='lat' dir='ltr'><strong>fuerat,</strong></span> <span class='ocrx_word' id='word_1_164' title='bbox 617 2280 647 2319; x_wconf 91' lang='grc' dir='ltr'><strong>ιο</strong></span> <span class='ocrx_word' id='word_1_165' title='bbox 666 2264 778 2319; x_wconf 85' lang='lat' dir='ltr'><strong>celerius</strong></span> <span class='ocrx_word' id='word_1_166' title='bbox 800 2283 811 2321; x_wconf 83' lang='lat' dir='ltr'><strong>r</strong></span> 
     </span>
     <span class='ocr_line' id='line_1_25' title="bbox 39 2345 164 2393; baseline 0 -1"><span class='ocrx_word' id='word_1_167' title='bbox 39 2345 164 2393; x_wconf 82' lang='lat' dir='ltr'><strong>currerat.</strong></span> 
     </span>
    </p>

    <p class='ocr_par' dir='ltr' id='par_1_4' title="bbox 39 2412 798 3087">
     <span class='ocr_line' id='line_1_26' title="bbox 95 2412 798 2487; baseline -0.001 -20"><span class='ocrx_word' id='word_1_168' title='bbox 95 2414 124 2468; x_wconf 90' lang='lat' dir='ltr'><strong>L.</strong></span> <span class='ocrx_word' id='word_1_169' title='bbox 144 2412 352 2478; x_wconf 84' lang='lat' dir='ltr'><strong>Erutoonvallis,</strong></span> <span class='ocrx_word' id='word_1_170' title='bbox 364 2413 428 2468; x_wconf 85' lang='lat' dir='ltr'><strong>satis</strong></span> <span class='ocrx_word' id='word_1_171' title='bbox 439 2430 535 2487; x_wconf 78' lang='lat' dir='ltr'><strong>magna</strong></span> <span class='ocrx_word' id='word_1_172' title='bbox 546 2412 691 2479; x_wconf 83' lang='lat' dir='ltr'><strong>latitudine,</strong></span> <span class='ocrx_word' id='word_1_173' title='bbox 703 2413 798 2468; x_wconf 88' lang='lat' dir='ltr'><strong>altitud</strong></span> 
     </span>
     <span class='ocr_line' id='line_1_27' title="bbox 40 2487 794 2560; baseline 0 -18"><span class='ocrx_word' id='word_1_174' title='bbox 40 2496 189 2560; x_wconf 80' lang='lat' dir='ltr'><strong>praerupta,</strong></span> <span class='ocrx_word' id='word_1_175' title='bbox 210 2488 309 2542; x_wconf 90' lang='lat' dir='ltr'><strong>crebris</strong></span> <span class='ocrx_word' id='word_1_176' title='bbox 323 2487 387 2542; x_wconf 90' lang='lat' dir='ltr'><strong>locis</strong></span> <span class='ocrx_word' id='word_1_177' title='bbox 398 2487 539 2559; x_wconf 84' lang='lat' dir='ltr'><strong>speluncae</strong></span> <span class='ocrx_word' id='word_1_178' title='bbox 550 2488 576 2542; x_wconf 95' lang='lat' dir='ltr'><strong>in</strong></span> <span class='ocrx_word' id='word_1_179' title='bbox 587 2488 697 2542; x_wconf 89' lang='lat' dir='ltr'><strong>modum</strong></span> <span class='ocrx_word' id='word_1_180' title='bbox 709 2488 794 2549; x_wconf 73' lang='lat' dir='ltr'><strong>subeu</strong></span> 
     </span>
     <span class='ocr_line' id='line_1_28' title="bbox 40 2563 790 2636; baseline 0.001 -18"><span class='ocrx_word' id='word_1_181' title='bbox 40 2581 108 2636; x_wconf 86' lang='lat' dir='ltr'><strong>quae</strong></span> <span class='ocrx_word' id='word_1_182' title='bbox 121 2571 195 2618; x_wconf 86' lang='lat' dir='ltr'><strong>erant</strong></span> <span class='ocrx_word' id='word_1_183' title='bbox 208 2563 423 2635; x_wconf 78' lang='lat' dir='ltr'><strong>transgredienda</strong></span> <span class='ocrx_word' id='word_1_184' title='bbox 434 2563 537 2619; x_wconf 85' lang='lat' dir='ltr'><strong>Caesari</strong></span> <span class='ocrx_word' id='word_1_185' title='bbox 549 2570 617 2628; x_wconf 84' lang='lat' dir='ltr'><strong>ante,</strong></span> <span class='ocrx_word' id='word_1_186' title='bbox 639 2581 720 2634; x_wconf 87' lang='lat' dir='ltr'><strong>quarn</strong></span> <span class='ocrx_word' id='word_1_187' title='bbox 735 2563 790 2619; x_wconf 79' lang='lat' dir='ltr'><strong>ade</strong></span> 
     </span>
     <span class='ocr_line' id='line_1_29' title="bbox 39 2637 784 2711; baseline 0.001 -20"><span class='ocrx_word' id='word_1_188' title='bbox 39 2638 143 2703; x_wconf 88' lang='lat' dir='ltr'><strong>collem,</strong></span> <span class='ocrx_word' id='word_1_189' title='bbox 167 2657 248 2711; x_wconf 90' lang='lat' dir='ltr'><strong>quern</strong></span> <span class='ocrx_word' id='word_1_190' title='bbox 263 2655 354 2709; x_wconf 87' lang='lat' dir='ltr'><strong>capere</strong></span> <span class='ocrx_word' id='word_1_191' title='bbox 368 2637 479 2703; x_wconf 81' lang='lat' dir='ltr'><strong>volebat,</strong></span> <span class='ocrx_word' id='word_1_192' title='bbox 502 2638 696 2709; x_wconf 85' lang='lat' dir='ltr'><strong>perveniretur;</strong></span> <span class='ocrx_word' id='word_1_193' title='bbox 718 2638 784 2693; x_wconf 89' lang='lat' dir='ltr'><strong>ultra</strong></span> 
     </span>
     <span class='ocr_line' id='line_1_30' title="bbox 39 2712 765 2777; baseline 0 -11"><span class='ocrx_word' id='word_1_194' title='bbox 39 2730 97 2767; x_wconf 91' lang='lat' dir='ltr'><strong>eam</strong></span> <span class='ocrx_word' id='word_1_195' title='bbox 107 2712 254 2769; x_wconf 84' lang='lat' dir='ltr'><strong>convallem</strong></span> <span class='ocrx_word' id='word_1_196' title='bbox 268 2712 395 2767; x_wconf 85' lang='lat' dir='ltr'><strong>olivetum</strong></span> <span class='ocrx_word' id='word_1_197' title='bbox 406 2719 491 2777; x_wconf 86' lang='lat' dir='ltr'><strong>vetus,</strong></span> <span class='ocrx_word' id='word_1_198' title='bbox 512 2712 612 2767; x_wconf 88' lang='lat' dir='ltr'><strong>crebris</strong></span> <span class='ocrx_word' id='word_1_199' title='bbox 626 2713 765 2768; x_wconf 88' lang='lat' dir='ltr'><strong>arboribus</strong></span> 
     </span>
     <span class='ocr_line' id='line_1_31' title="bbox 39 2786 774 2858; baseline 0.001 -15"><span class='ocrx_word' id='word_1_200' title='bbox 39 2787 162 2843; x_wconf 90' lang='lat' dir='ltr'><strong>densum.</strong></span> <span class='ocrx_word' id='word_1_201' title='bbox 191 2789 239 2842; x_wconf 90' lang='lat' dir='ltr'><strong>Hic</strong></span> <span class='ocrx_word' id='word_1_202' title='bbox 248 2805 334 2858; x_wconf 89' lang='lat' dir='ltr'><strong>quum</strong></span> <span class='ocrx_word' id='word_1_203' title='bbox 345 2786 478 2843; x_wconf 85' lang='lat' dir='ltr'><strong>Labienus</strong></span> <span class='ocrx_word' id='word_1_204' title='bbox 492 2787 729 2852; x_wconf 86' lang='lat' dir='ltr'><strong>animadvertisset</strong></span> <span class='ocrx_word' id='word_1_205' title='bbox 747 2788 774 2844; x_wconf 74' lang='lat' dir='ltr'><strong>C:</strong></span> 
     </span>
     <span class='ocr_line' id='line_1_32' title="bbox 40 2862 768 2934; baseline 0.001 -19"><span class='ocrx_word' id='word_1_206' title='bbox 40 2879 151 2928; x_wconf 83' lang='lat' dir='ltr'><strong>rem,s1</strong></span> <span class='ocrx_word' id='word_1_207' title='bbox 144 2862 243 2917; x_wconf 85' lang='lat' dir='ltr'><strong>vellet</strong></span> <span class='ocrx_word' id='word_1_208' title='bbox 257 2880 319 2917; x_wconf 89' lang='lat' dir='ltr'><strong>eum</strong></span> <span class='ocrx_word' id='word_1_209' title='bbox 330 2862 418 2917; x_wconf 90' lang='lat' dir='ltr'><strong>locum</strong></span> <span class='ocrx_word' id='word_1_210' title='bbox 426 2879 562 2934; x_wconf 88' lang='lat' dir='ltr'><strong>occupare</strong></span> <span class='ocrx_word' id='word_1_211' title='bbox 584 2863 659 2934; x_wconf 89' lang='lat' dir='ltr'><strong>prius</strong></span> <span class='ocrx_word' id='word_1_212' title='bbox 670 2879 768 2917; x_wconf 73' lang='lat' dir='ltr'><strong>necessi</strong></span> 
     </span>
     <span class='ocr_line' id='line_1_33' title="bbox 40 2905 763 3011; baseline 0 -19"><span class='ocrx_word' id='word_1_213' title='bbox 40 2905 186 2993; x_wconf 76' lang='lat' dir='ltr'><strong>oonv&#39;atlem</strong></span> <span class='ocrx_word' id='word_1_214' title='bbox 195 2937 376 3010; x_wconf 89' lang='lat' dir='ltr'><strong>olivetumque</strong></span> <span class='ocrx_word' id='word_1_215' title='bbox 387 2938 542 3011; x_wconf 79' lang='lat' dir='ltr'><strong>transgredi,</strong></span> <span class='ocrx_word' id='word_1_216' title='bbox 565 2955 657 2992; x_wconf 90' lang='lat' dir='ltr'><strong>eorum</strong></span> <span class='ocrx_word' id='word_1_217' title='bbox 670 2937 763 2993; x_wconf 80' lang='lat' dir='ltr'><strong>locorur</strong></span> 
     </span>
     <span class='ocr_line' id='line_1_34' title="bbox 40 3009 758 3087; baseline 0.006 -23"><span class='ocrx_word' id='word_1_218' title='bbox 40 3009 107 3069; x_wconf 85' lang='lat' dir='ltr'><strong>ritus</strong></span> <span class='ocrx_word' id='word_1_219' title='bbox 123 3012 152 3067; x_wconf 90' lang='lat' dir='ltr'><strong>iu</strong></span> <span class='ocrx_word' id='word_1_220' title='bbox 167 3012 272 3069; x_wconf 91' lang='lat' dir='ltr'><strong>insidiis</strong></span> <span class='ocrx_word' id='word_1_221' title='bbox 287 3030 349 3068; x_wconf 88' lang='lat' dir='ltr'><strong>curn</strong></span> <span class='ocrx_word' id='word_1_222' title='bbox 363 3018 437 3087; x_wconf 86' lang='lat' dir='ltr'><strong>parte</strong></span> <span class='ocrx_word' id='word_1_223' title='bbox 450 3012 583 3085; x_wconf 86' lang='lat' dir='ltr'><strong>equitatus</strong></span> <span class='ocrx_word' id='word_1_224' title='bbox 593 3012 699 3087; x_wconf 88' lang='lat' dir='ltr'><strong>levique</strong></span> <span class='ocrx_word' id='word_1_225' title='bbox 709 3031 758 3068; x_wconf 89' lang='lat' dir='ltr'><strong>arn</strong></span> 
     </span>
    </p>
   </div>
   <div class='ocr_carea' id='block_1_3' title="bbox 0 0 998 3594">
    <p class='ocr_par' dir='ltr' id='par_1_5' title="bbox 0 0 998 3594">
     <span class='ocr_line' id='line_1_35' title="bbox 0 0 998 3594; baseline 0 0"><span class='ocrx_word' id='word_1_226' title='bbox 0 0 998 3594; x_wconf 95' lang='lat' dir='ltr'><strong> </strong></span> 
     </span>
    </p>
   </div>
  </div>
 </body>
</html>
