1988 3594
111 731 142 786 to
312 739 360 784 ura
385 742 510 785 animo
531 740 701 786 etiamen

110 841 154 894 bat
164 847 197 904 et,
212 847 372 893 commeatus
382 839 416 891 ab
429 840 518 893 Remis
534 839 697 910 reliquisque
714 838 865 895 civitatibus
880 849 909 897 ut

109 915 167 967 sine
176 912 292 984 periculo
302 913 336 968 ad
351 931 412 967 eum
428 914 526 983 portari
540 921 656 984 possent,
679 913 813 968 efficiebat.
834 917 865 969 In
878 933 909 970 eo

109 987 218 1042 flumine
236 1004 302 1058 pons
319 995 380 1042 erat.
406 988 445 1042 Ibi
462 987 624 1058 praesidium
645 989 719 1058 ponit
739 995 764 1041 et
782 989 809 1043 in
829 989 908 1044 altera

109 1070 181 1133 parte
202 1060 320 1116 lluminis
339 1061 371 1127 Q.
389 1062 520 1116 Titurium
540 1062 679 1126 Sabinum,
703 1061 828 1134 legatum,
846 1081 907 1119 eum

109 1155 156 1190 sex
166 1135 316 1190 cohortibus
329 1135 468 1206 relinquit:
488 1144 571 1191 castra
586 1137 614 1191 in
629 1136 794 1191 altitudinem
809 1137 907 1209 pedum

108 1210 246 1265 duodecim
266 1210 348 1276 vallo,
368 1209 491 1282 fossaque
509 1210 691 1284 duodeviginti
710 1211 823 1282 pedum,
847 1230 906 1266 mu-

108 1285 256 1340 nireiubet.

162 1395 204 1449 VI.
225 1393 267 1448 Ab
276 1394 319 1447 his
328 1394 419 1447 eastris
430 1393 558 1464 oppidum
573 1395 724 1459 Remorum,
742 1395 850 1449 nomine
863 1396 908 1449 Bi-

109 1470 185 1533 brax,
201 1469 289 1522 aberat
298 1467 382 1521 millia
392 1486 522 1539 passuum
532 1469 598 1524 VIII.
619 1469 649 1522 Id
662 1486 694 1522 ex
709 1469 800 1523 itinere
809 1486 907 1542 magno

109 1544 208 1613 impetu
221 1541 314 1616 Belgae
328 1559 481 1615 oppugnare
494 1550 641 1615 eoeperunt.
661 1545 746 1615 Aegre
760 1560 790 1597 eo
803 1543 846 1598 die
860 1561 907 1599 su-

108 1623 249 1671 stentatum
259 1624 307 1671 est.
329 1616 465 1671 Gallorum
475 1618 565 1672 eadem
576 1625 654 1689 atque
667 1618 807 1690 Belgarum
821 1635 903 1690 oppu-

107 1692 197 1764 gnatio
206 1699 245 1746 est
253 1691 323 1746 haee.
341 1692 401 1756 Ubi,
413 1693 577 1746 circumiecta
586 1692 756 1747 multitudine
765 1692 905 1747 hominum

108 1767 168 1819 totis
183 1767 331 1831 moenibus,
348 1765 467 1837 undique
481 1766 580 1838 lapides
594 1767 621 1821 in
637 1783 746 1821 murum
760 1767 808 1820 iaci
822 1767 905 1838 ooepti

107 1847 179 1906 sunt,
192 1857 339 1912 murusque
348 1839 529 1895 defensoribus
539 1841 654 1895 nudatus
664 1850 712 1906 est,
725 1840 855 1896 testudine
867 1841 906 1896 ia-

107 1923 147 1969 cta
157 1923 243 1986 portas
253 1915 404 1981 succedunt,
418 1933 580 1987 murumque
595 1916 736 1970 subruunt.
757 1915 834 1981 Quod
848 1924 904 1970 tum

107 1989 181 2044 facile
192 1991 276 2044 fiebat.
298 1991 365 2043 Nam
379 2007 463 2062 (prum
474 1997 544 2044 tanta
554 1989 695 2044 multitudo
706 1989 806 2061 lapides
815 2007 845 2044 ac
854 1989 904 2044 tela

107 2065 275 2129 eoniioerent,
300 2064 327 2117 in
347 2081 423 2118 muro
442 2064 600 2118 oonsistendi
618 2072 732 2135 potestas
750 2072 804 2119 erat
824 2064 902 2119 nulli.

107 2138 196 2204 Quum
212 2139 291 2192 finem
307 2137 477 2211 oppugnandi
493 2155 545 2192 nox
560 2137 670 2204 lecisset,
692 2139 774 2193 Iccius
792 2139 901 2204 Remus,

107 2229 212 2266 summa
222 2211 355 2266 nobilitate
367 2220 392 2266 et
405 2213 488 2285 gratia
502 2213 569 2267 inter
582 2230 654 2278 suos,
675 2214 721 2284 qui
737 2220 793 2266 tum
807 2214 904 2285 oppido
940 2252 951 2267 .

106 2293 230 2358 praeerat,
248 2304 319 2341 unus
329 2304 362 2340 ex
374 2286 426 2351 Iris,
445 2288 492 2358 qui
508 2286 584 2360 legati
599 2288 631 2342 de
644 2305 707 2360 pace
720 2288 904 2343 adsuesarem

106 2368 239 2425 venerant,
260 2361 371 2416 nuncios
385 2361 493 2415 adeum
507 2362 595 2427 mittit,
618 2363 669 2416 nisi
681 2362 832 2417 subsidium
851 2363 903 2417 sibi

106 2436 284 2501 submittatur,
297 2453 354 2490 sese
366 2435 466 2490 diutius
475 2437 604 2491 sustinere
613 2454 665 2491 non
675 2454 761 2508 posse.

160 2553 214 2606 VII.
233 2553 272 2606 Eo
293 2552 325 2607 de
346 2553 432 2607 media
451 2561 524 2608 nocte
543 2555 650 2620 Caesar,
676 2555 770 2609 iisdem
788 2554 903 2610 ducibus

106 2644 181 2691 usus,
203 2627 251 2698 qui
265 2628 354 2681 nuncii
365 2628 398 2681 ab
408 2629 474 2682 leole
484 2637 616 2693 venerant,
630 2630 759 2684 Numidas
769 2637 794 2683 et
814 2630 903 2685 Cretas

105 2702 253 2774 sagittarios
262 2709 286 2755 et
294 2701 561 2757 funditoresBaleares
569 2705 688 2759 subsidio
697 2703 904 2775 oppidanismit-

106 2777 148 2829 tit:
170 2793 285 2847 quorum
303 2777 417 2832 adventu
431 2784 457 2831 et
469 2779 568 2844 Remis,
588 2796 648 2833 cum
668 2797 714 2849 spe
731 2777 900 2844 defensionis,

105 2850 223 2905 studIum
237 2851 422 2925 propugnandi
442 2855 556 2917 accessit,
578 2861 603 2906 et
620 2853 741 2907 hostibus
760 2853 851 2907 eadem
871 2853 903 2908 de

104 2942 197 2979 caussa
207 2943 267 2996 spes
277 2927 398 2997 potiundi
407 2927 498 2998 oppidi
507 2927 637 2982 diseessit.
651 2930 748 2999 Itaque,
758 2927 903 2998 paullisper

105 2998 176 3069 apud
185 3000 312 3071 oppidum
323 3002 424 3066 morati,
439 3018 569 3074 agrosque
582 3004 725 3057 Remorum
740 3002 900 3073 depopulati,

104 3074 229 3127 omnibus
239 3075 304 3128 vicis
314 3076 501 3147 aedificiisque,
514 3095 582 3147 quos
592 3077 663 3131 adire
674 3085 801 3148 poterant,
813 3077 903 3131 incen-

103 3148 151 3210 sis,
170 3148 202 3200 ad
212 3156 295 3202 castra
309 3149 427 3203 Caesaris
440 3152 565 3205 omnibus
579 3152 661 3222 copiis
675 3150 865 3206 contenderunt
878 3158 904 3205 et

89 3221 125 3271 eb
134 3221 265 3276 millibus
272 3241 409 3295 passuum
420 3225 515 3281 minus
527 3227 553 3280 II
564 3234 650 3280 eastra
660 3232 819 3297 posuerunt,
834 3242 904 3295 quae
