1988 3594
462 288 467 317 l

269 388 480 434 AFRICANO.
512 390 591 434 CAP.
606 390 646 433 al.
815 385 864 438 l63

83 485 193 542 insedit:
214 494 239 539 et
250 497 378 557 praeterea
390 498 447 560 post
458 496 573 542 montem
583 486 715 559 collesque
725 490 826 559 equites
838 491 864 543 in

68 561 163 617 meula)
173 560 352 628 collocaverat,
367 572 403 629 ut,
423 581 507 635 quum
520 563 575 633 ipse
585 581 619 617 cx
631 563 774 634 improviso
784 563 866 637 legio-

68 638 152 693 narios
163 636 270 692 adortus
280 646 357 703 esset,
372 656 406 693 ex
415 638 518 692 collese
530 639 662 709 equitatus
672 639 819 693 ostenderet
829 648 863 704 et,

68 729 93 767 re
102 711 201 783 duplici
213 714 380 784 perturbatus
394 714 488 769 Caesar
498 714 609 785 eiusque
619 714 758 778 exercitus,
779 731 866 785 neque

67 794 134 841 retro
143 787 322 860 regrediundi,
340 806 425 859 neque
437 789 504 843 ultra
519 788 675 860 procedendi
686 788 773 843 oblata
782 787 866 843 lacul-

68 870 126 928 tate,
136 863 333 918 circumventus
343 864 529 918 concideretur.
559 864 663 929 Caesar,
675 863 793 936 equitatu
806 872 866 918 anto

68 938 224 1010 praemisso,
246 938 346 993 inscius
366 938 524 994 insidiarum
543 956 629 1010 quum
648 939 682 994 ad
698 956 760 993 eum
779 938 865 994 locum

67 1012 190 1078 venisset,
211 1014 288 1068 abusi
302 1014 360 1068 sive
372 1014 446 1069 obliti
461 1022 659 1085 praeceptorum
670 1014 788 1077 Labieni,
809 1014 866 1069 sive

68 1088 151 1152 veriti,
173 1105 207 1143 no
217 1089 244 1142 in
257 1087 327 1143 lossa
336 1088 370 1143 ab
385 1091 520 1161 equitibus
532 1090 754 1160 opprimerentur,
775 1088 827 1143 rari
837 1105 867 1142 ac

68 1162 167 1237 singuli
177 1163 211 1217 de
230 1180 296 1234 rupe
310 1163 414 1234 prodire
426 1172 451 1218 et
469 1181 576 1219 summa
589 1157 676 1236 petere
688 1163 776 1219 collis:
798 1181 866 1236 quos

68 1238 186 1294 Caesaris
195 1239 297 1310 equites
306 1239 437 1293 oonsccuti
449 1240 544 1310 partim
556 1239 749 1305 interfecerunt,
770 1239 867 1311 partim

68 1312 190 1368 vivorum
208 1321 271 1368 sunt
290 1314 378 1384 potiti:
412 1313 506 1368 deinde
523 1314 645 1386 protinus
667 1314 760 1370 collem
782 1323 868 1387 petere

68 1388 256 1443 contenderunt
274 1396 352 1460 atque
369 1406 442 1453 eum,
463 1387 575 1444 decusso
597 1390 706 1445 Labieni
726 1390 865 1461 praesidio,

68 1462 182 1518 celeriter
200 1472 400 1535 occupaverunt.
431 1462 563 1519 Labienus
581 1482 642 1518 cum
662 1471 734 1535 parte
747 1465 867 1536 equitum

69 1539 114 1593 vix
124 1537 188 1611 luga
198 1537 250 1592 sibi
260 1539 360 1610 peperit
369 1538 493 1593 salutem.

122 1614 165 1668 Ll.
186 1615 239 1668 Hac
259 1631 287 1668 ra
304 1631 350 1685 per
370 1614 472 1686 equites
491 1621 578 1741 peste,
601 1613 696 1667 Caesar
718 1612 867 1684 legionibus

79 1705 144 1759 pera
154 1688 291 1743 distribuit
300 1690 496 1760 atqueineooo
507 1688 540 1752 le,
562 1703 615 1758 quo
631 1687 804 1758 eratpotitus,
824 1703 868 1740 ca-

83 1772 120 1817 tra
131 1764 256 1819 munivit.
285 1762 383 1817 Deinde
395 1763 430 1817 ab
439 1763 496 1817 suis
507 1760 633 1816 maximis
647 1760 740 1816 eastris
755 1777 801 1831 per
812 1778 868 1816 me-

88 1838 143 1891 ium
152 1855 288 1909 campum,
300 1838 429 1910 eregioua
438 1835 529 1909 oppidi
541 1835 640 1901 Uzitae,
657 1834 731 1908 quod
741 1835 809 1891 inter
818 1853 867 1891 sua

94 1920 150 1967 stra
163 1920 187 1967 et
200 1912 331 1983 Scipionis
344 1912 372 1967 in
386 1912 493 1984 planitie
502 1911 620 1983 positum
632 1920 697 1976 erat,
718 1911 869 1967 tenebatur·

98 2004 145 2041 rea
156 1987 287 2060 Scipione,
304 1987 358 2043 duo
366 1987 473 2043 brachia
483 1986 598 2043 instituit
607 1985 669 2041 duci
678 1995 703 2042 et
712 1986 748 2041 ita
757 1986 866 2061 erigere,

108 2061 143 2116 ad
152 2061 282 2135 angulum
293 2062 417 2118 dextrum
427 2062 620 2134 sinistrumque
633 2062 691 2116 eius
705 2061 796 2133 oppidi
805 2078 869 2118 oon-

109 2137 197 2191 rirant.
226 2136 257 2191 ld
275 2137 325 2191 bac
343 2136 442 2192 ratione
458 2154 525 2208 opus
546 2136 702 2196 instruebat.
722 2144 760 2199 ut,
782 2153 868 2208 quum

114 2211 177 2282 pius
199 2210 328 2281 oppidum
350 2211 438 2283 copias
459 2210 634 2274 admovisset,
662 2226 869 2283 oppugnareque

118 2285 202 2348 sisset,
215 2292 278 2339 tecta
289 2284 368 2340 latera
376 2284 434 2339 suis
444 2285 639 2340 munitionibus
649 2284 765 2349 baberet,
777 2301 822 2350 ne,
835 2284 868 2339 ab

123 2361 201 2415 itatus
216 2359 386 2415 multitudine
395 2360 602 2422 circumventus,
626 2358 661 2413 ab
672 2358 869 2431 oppugnatione

128 2444 253 2501 rreretur;
284 2441 429 2506 praeterea,
453 2450 508 2505 quo
533 2432 637 2487 facilius
658 2432 789 2504 colloquia
812 2432 868 2487 lieri

134 2520 177 2566 ent
186 2519 219 2575 et,
232 2510 255 2564 si
264 2513 312 2581 qui
321 2508 458 2582 perfugere
468 2507 574 2573 vellent,
587 2506 615 2563 id
624 2507 697 2578 quod
706 2514 781 2562 antea
791 2524 870 2579 saepe

137 2586 196 2641 'erat
206 2602 303 2657 magno
313 2601 374 2639 cum
384 2601 475 2638 eorum
485 2581 611 2655 periculo,
624 2588 682 2637 tum
692 2580 768 2637 facile
777 2591 803 2638 et
811 2582 869 2638 sine

143 2661 187 2716 ulo
203 2661 283 2715 fieret.
313 2658 401 2715 Voluit
419 2658 499 2713 etiam
517 2657 640 2729 experiri,
659 2674 745 2728 quum
759 2657 870 2729 propius

148 2754 173 2791 m
187 2736 347 2800 accessisset,
363 2733 504 2789 haberetne
517 2732 546 2788 in
560 2733 649 2788 animo
658 2732 794 2788 dimicare.
818 2731 870 2787 Ao·

153 2819 177 2866 at
196 2810 321 2866 etiamad
340 2808 456 2880 reliquas
474 2825 592 2873 caussas,
613 2807 687 2881 quod
701 2807 723 2862 is
737 2807 810 2863 locus
823 2806 871 2863 de·

158 2904 179 2941 rs
200 2894 267 2952 erat,
290 2885 415 2960 puteique
432 2884 470 2940 ibi
488 2883 638 2958 complures
660 2883 717 2939 lieri
736 2888 869 2959 poteram:
