1988 3594
95 561 144 616 It2
295 569 325 615 Α.
346 570 477 615 return
496 572 545 616 us
564 572 689 617 annno

94 666 188 722 Iuliani
199 669 286 740 pauci,
308 670 479 726 multitudiue
488 672 604 726 hostium
616 670 720 736 defessi,
742 671 818 742 equis
830 688 896 728 con-

93 742 248 809 vulneratis,
271 745 409 817 paullatim
427 746 530 802 cedere:
552 747 635 820 hostis
655 746 741 819 magis
754 746 895 819 magisque

94 819 201 872 instare.
231 821 269 873 lta
287 828 386 892 puncto
406 822 531 892 temporis
548 821 675 875 omnibus
694 821 846 894 legionariis
860 822 894 876 ab

94 892 212 947 bostium
231 895 349 965 equitatu
368 895 563 961 clrcumveutis,
585 895 756 968 Caesarisque
769 895 852 967 copiis
866 897 893 950 in

94 968 184 1022 orbem
198 968 354 1041 compulsis,
376 970 443 1025 intra
463 969 591 1025 caucellos
611 988 703 1025 omnes
720 971 828 1025 coniecti
842 986 895 1042 pu-

94 1044 356 1118 gaurecogcbantur.

150 1152 219 1208 XVI.
240 1152 375 1206 Labienus
382 1153 409 1207 iu
419 1169 497 1224 equo,
509 1152 593 1224 capite
602 1153 683 1218 nudo,
692 1153 789 1209 versari
800 1153 828 1208 in
838 1153 896 1225 pri-

96 1243 139 1280 ma
149 1227 217 1294 acie,
239 1226 320 1281 simul
335 1243 398 1281 suos
408 1228 546 1292 cohortarI,
564 1245 767 1298 nonnumquam
778 1227 896 1300 legiona-

96 1301 149 1354 rios
158 1301 276 1356 Caesaris
291 1301 326 1356 ita
335 1301 479 1372 adpellare:
503 1303 571 1368 Quid
586 1311 622 1366 tu,
638 1299 733 1374 inquit,
750 1307 823 1359 mites
833 1309 895 1367 tiro,

97 1385 149 1429 tam
169 1375 355 1444 tercentenos?
387 1377 435 1431 Vos
454 1394 554 1446 quoque
572 1382 619 1430 iate
632 1381 717 1432 veriats
734 1376 897 1447 infatuavit?

96 1450 128 1503 In
136 1467 258 1519 magnum
267 1453 409 1505 mehercule
419 1468 464 1506 vos
470 1454 617 1520 periculum
626 1455 738 1520 impulit.
767 1453 897 1509 Misereor

95 1529 183 1577 uestri.
213 1525 282 1578 Tum
299 1524 389 1579 miles:
411 1526 547 1589 Noricum,
570 1525 666 1597 inquit,
687 1531 752 1590 tiro,
772 1527 894 1592 lacteae,

95 1601 140 1651 sed
151 1602 183 1652 de
193 1601 331 1668 legioneX
339 1609 483 1655 veteranus.
504 1601 573 1654 Tum
582 1600 729 1655 Labienus:
744 1601 805 1656 Noc
813 1619 897 1671 agno·

95 1689 148 1736 sco,
159 1673 256 1745 inquit,
267 1679 343 1744 atquo
352 1679 566 1730 decumanorum
587 1676 656 1729 Tum
666 1674 755 1729 miles:
777 1676 835 1730 lam
846 1694 895 1741 me,

96 1752 142 1816 qui
151 1752 208 1812 rim,
220 1753 363 1819 intetta'pes:
382 1747 464 1805 simul
474 1749 602 1803 cassidem
611 1749 737 1821 decapite
748 1749 851 1816 deiecit,
867 1758 898 1806 ut

96 1823 218 1896 cognosci
229 1823 262 1879 ab
272 1832 407 1895 eoposset,
426 1824 550 1896 atqueita
558 1823 654 1895 pilum,
676 1824 779 1881 viribus
793 1833 899 1881 mutor-

96 1905 164 1964 tum,
175 1899 241 1954 dum
252 1900 279 1954 ln
289 1900 436 1955 Labienum
446 1900 548 1954 mittere
556 1898 697 1964 contendit,
710 1899 771 1971 equi
781 1901 898 1973 graviter

96 1972 207 2030 adverso
225 1975 322 2045 pectori
341 1975 448 2039 adfixit,
469 1982 495 2029 et
507 1974 556 2029 ait:
589 1975 707 2038 Labiene,
727 1980 898 2032 decumanum

96 2052 211 2112 militem,
227 2053 272 2117 qut
283 2057 307 2102 te
312 2056 385 2117 petit,
400 2056 466 2104 scito
476 2067 538 2103 esse.
569 2048 698 2103 Omnium
711 2057 799 2104 tamen
813 2050 898 2106 animi

97 2121 259 2177 interrorem
268 2122 386 2188 coniecti,
394 2130 418 2177 et
427 2123 543 2177 maxime
552 2123 683 2178 tironum:
695 2125 898 2197 circumspicere

97 2196 169 2250 enim
184 2196 336 2262 Caesarem,
358 2215 445 2268 neque
463 2197 579 2268 amplius
598 2196 694 2263 facere,
712 2200 764 2254 uisi
779 2200 896 2255 bostium

101 2270 185 2325 iacula
195 2271 287 2327 vitare.

151 2389 235 2444 XVII.
266 2389 361 2445 Caesar
378 2388 484 2443 interIm
510 2387 620 2443 consili0
637 2389 756 2444 hostium
779 2390 894 2463 cognitu,

98 2465 171 2519 iubet
183 2464 265 2519 aciem
279 2464 306 2518 in
327 2463 520 2538 longitudinem
535 2481 616 2535 quarn
629 2465 774 2519 maximam
783 2466 893 2539 porrigi,

97 2547 123 2592 et
136 2538 242 2593 alternis
252 2539 387 2594 conversis
402 2538 567 2607 cohortibus,
591 2545 619 2592 ut
637 2555 691 2592 uua
709 2546 768 2609 post
787 2538 896 2594 alteram

97 2620 157 2667 ante
167 2614 244 2687 signa
253 2613 376 2669 tenderet.
406 2615 444 2668 lta
457 2630 579 2668 coronam
594 2612 711 2668 hostium
725 2613 817 2668 dextro
830 2615 898 2670 siui-

97 2696 204 2760 stroque
222 2705 304 2743 cornu
322 2688 438 2744 mediam
456 2687 567 2757 dividit3
599 2695 624 2742 ct
642 2704 724 2742 uuam
743 2695 841 2758 partem
862 2690 897 2745 ab

98 2762 176 2817 altera
202 2763 337 2818 exclusam
358 2763 493 2836 equitibus
515 2761 673 2819 intrinsecus
698 2762 804 2817 adortus
834 2781 898 2820 cum

97 2837 224 2907 peditatu,
236 2837 295 2893 telis
304 2839 427 2893 coniectis
438 2839 466 2893 in
479 2837 571 2913 lugam
580 2837 669 2904 vertit;
692 2853 778 2908 neque
790 2836 898 2912 longius

97 2928 263 2985 progressus,
284 2912 384 2968 veritus
394 2913 513 2978 insidias,
535 2930 564 2967 se
573 2912 607 2967 ad
621 2928 683 2966 suos
693 2912 793 2982 reprit.
824 2912 898 2969 Idem

99 2984 177 3052 altera
197 3004 259 3059 pers
277 2987 397 3060 equitum
417 2988 590 3061 peditumque
611 2985 729 3043 Caesaris
748 2985 819 3041 lacit.
849 2988 899 3043 llis

97 3059 178 3116 rebus
190 3062 272 3136 gestis
285 3080 316 3117 ac
324 3062 415 3133 procul
426 3063 547 3120 hostibus
561 3062 675 3136 repulsIs
688 3061 900 3120 convulneratu-
