1988 3594
40 454 89 506 ddi)
236 458 266 503 A.
289 455 418 501 IIIR'I'Il
437 455 486 498 DE
505 454 630 498 BELLO

39 558 109 614 coelo
119 558 231 621 albente,
243 574 327 627 quum
338 556 467 626 proficisci
478 553 719 619 conaretur,subito
728 554 842 610 navium

40 652 110 705 pars,
131 634 164 687 de
179 650 232 704 qua
245 631 365 695 timebat,
387 647 519 686 exerrare
536 629 628 683 eoelern
646 628 841 686 conserebatur.

41 711 93 762 IIac
109 726 137 763 re
156 708 272 781 cognita,
295 706 391 761 Caesar
407 705 525 760 celeriter
541 704 576 758 de
593 702 708 759 navibus
728 705 842 775 imperat

39 801 131 837 omnes
141 782 228 857 egredi
240 788 437 854 atquearmatos
447 781 475 835 in
485 779 560 835 litore
569 778 685 850 reliquos
695 779 843 835 advenien-

41 868 79 913 tes
89 857 185 912 milites
196 863 352 927 exspectare.
373 857 472 927 Itaque,
484 855 541 909 sine
554 871 627 909 mom
638 854 752 909 navibus
762 854 802 908 eis
812 855 858 923 in„

40 939 145 1005 portum
151 934 269 1003 receptis,
276 938 301 985 et
309 930 424 985 advectis
435 930 551 985 militum
561 929 736 1002 equitumque
744 930 840 1001 copiis,

41 1025 134 1062 rursus
147 1007 182 1061 ad
196 1006 325 1078 oppidum
339 1005 486 1076 Ruspinam
501 1005 568 1059 redit
581 1012 669 1076 atque,
691 1005 729 1060 ihi
745 1006 842 1060 castris

41 1082 197 1148 constitutis,
217 1082 273 1153 ipse
282 1098 345 1135 cum
354 1080 504 1135 cohortibus
518 1080 647 1151 expeditis
662 1080 770 1153 trIginta
783 1079 842 1135 Iru-

43 1164 188 1212 mentatum
201 1166 241 1212 est
253 1155 394 1229 proiectus.
415 1156 457 1210 Ex
475 1173 507 1210 eo
524 1163 563 1209 est
575 1155 710 1229 cognitum
721 1154 842 1211 Caesaris

41 1231 192 1298 consilium,
213 1230 290 1286 illum
309 1248 371 1287 cum
390 1231 473 1285 classe
488 1231 601 1286 navibus
614 1230 750 1297 onerariis,
771 1247 843 1303 quae

41 1309 213 1371 deerrassent,
234 1305 354 1361 subsidio
372 1306 410 1360 ire
428 1305 497 1360 olam
515 1306 636 1361 hostibus
655 1304 785 1373 voluisse,
807 1324 842 1362 ne

41 1400 105 1437 casu
115 1382 294 1453 imprudentes
302 1398 367 1437 suae
376 1398 457 1436 naves
467 1381 496 1436 in
505 1380 616 1437 classem
629 1380 842 1437 adversariorum

43 1457 199 1512 inciderent:
220 1474 307 1528 neque
320 1474 377 1511 eam
396 1474 452 1511 rem
470 1474 515 1511 eos
530 1456 645 1511 voluisse
658 1456 734 1522 scire,
753 1457 840 1529 quiin

43 1530 181 1604 praesidiis
200 1531 282 1587 relicti
300 1532 344 1588 sui
353 1530 451 1588 milites
460 1531 581 1596 luissent,
603 1531 642 1585 uti
656 1531 842 1604 nihilpropter

42 1624 153 1663 suorum
162 1607 319 1679 paucitatem
328 1614 354 1663 et
366 1607 484 1663 hostium
498 1605 696 1680 multitudinem
710 1614 784 1663 metu
794 1608 842 1663 de-

43 1684 158 1738 ficerent.

97 1759 158 1813 XII.
178 1756 295 1824 Interim,
319 1774 404 1830 quum
415 1757 468 1812 iam
479 1756 573 1812 Ceesar
581 1772 737 1830 progressus
747 1763 842 1813 esseta
890 1810 893 1815 .

43 1835 134 1889 castris
148 1833 250 1888 circiter
262 1832 345 1888 millia
356 1849 484 1905 passuum
494 1831 552 1897 tria,
573 1849 620 1902 par
631 1830 806 1902 speculatores
815 1840 848 1895 et

44 1918 217 1964 antecessores
226 1908 328 1980 equites
339 1908 480 1962 nunciatur
489 1907 522 1972 ei,
539 1907 627 1978 copias
639 1907 755 1961 hostium
766 1905 842 1962 haud

44 1985 121 2056 longe
135 1983 168 2037 ab
180 1983 325 2038 sesevisas.
355 1982 388 2036 Et
401 1981 508 2036 hercule
520 1998 582 2036 cum
596 1998 627 2036 eo
639 1980 737 2036 nuncio
749 1980 841 2053 pulvis
892 2010 899 2039 ι

43 2060 138 2131 ingens
154 2057 269 2127 conspici
287 2063 393 2127 coeptus
413 2062 461 2111 est.
491 2057 545 2110 IIac
564 2073 591 2111 re
610 2056 723 2130 cognite,
744 2056 880 2137 eamq

43 2132 158 2186 celeriter
168 2131 241 2185 iubet
250 2131 397 2204 equitatum
408 2131 574 2196 unIversum,
585 2132 662 2187 cuius
671 2132 774 2206 copiam
793 2133 843 2189 ha-

43 2207 102 2262 huit
111 2207 138 2261 in
148 2207 295 2278 praeseutia
308 2223 359 2260 non
370 2222 505 2280 maguam,
521 2213 546 2261 et
554 2207 711 2281 sagittarios,
723 2225 842 2279 quorum

42 2299 142 2355 parvus
160 2298 302 2348 numerus,
322 2298 356 2336 ex
374 2281 466 2336 castris
484 2281 588 2347 arcessi,
607 2289 687 2354 atque
699 2283 841 2340 ordinatim

43 2358 120 2432 signa
132 2374 162 2413 ee
170 2356 263 2412 leniter
275 2357 418 2430 consequi:
439 2357 496 2429 ipse
511 2357 661 2413 antecedere
672 2375 735 2413 cum
748 2360 841 2430 paucis

44 2433 162 2488 armatis.
189 2433 310 2506 lemque,
324 2448 410 2506 quum
419 2431 509 2504 procul
520 2433 603 2488 hostis
612 2433 728 2505 conspici
740 2443 839 2506 posset,

43 2508 140 2562 milites
158 2508 186 2562 in
205 2525 299 2580 campo
317 2508 389 2564 iubet
399 2508 498 2582 galeeri
517 2514 542 2562 et
558 2507 591 2562 ad
607 2525 726 2582 pugnam
745 2510 841 2581 parari.

44 2583 163 2649 Quorum
174 2583 283 2639 omnino
292 2600 420 2638 numerus
431 2582 480 2637 fuit
490 2583 596 2656 trIginta
606 2584 763 2648 cohortium,
777 2600 841 2639 cum
854 2620 859 2627 ,

43 2657 178 2729 equitibus
188 2658 389 2732 quadringentis
399 2666 424 2713 et
433 2658 573 2732 sagittariis
582 2657 634 2713 CL.

99 2733 171 2787 XIII.
192 2734 283 2787 Hostes
297 2734 412 2798 interire,
434 2750 549 2806 quorum
566 2733 623 2787 dux
632 2738 686 2787 erat
694 2731 840 2797 Labienus,

44 2814 70 2861 et
79 2807 243 2867 duoPacidii,
256 2808 337 2863 aciem
348 2809 468 2883 dirigunt
476 2807 592 2863 mirabili
604 2806 777 2880 longitudine,
788 2823 842 2860 non

44 2881 172 2951 peditum,
196 2881 243 2936 sed
257 2884 387 2954 equitum,
408 2882 565 2952 confertam
586 2890 613 2937 et
630 2881 698 2936 inter
716 2896 761 2936 eos
775 2876 842 2935 levis

43 2957 325 3013 armaturaeNumidas
335 2965 359 3013 et
368 2958 516 3032 sagittarios
524 2957 625 3032 pedites
633 2956 843 3028 interposuerant
