1988 3594
102 616 151 669 534
319 624 349 671 C.
369 623 463 670 IULII
482 623 668 670 CAESARIS

101 728 149 765 ctos
159 722 229 766 libros
239 723 338 778 reliquit,
349 725 376 764 als
384 723 502 776 deryptiis
513 721 640 776 disciplinis
651 722 732 772 hastoit,
742 723 775 765 ita
786 722 827 767 lroc
837 731 902 778 qno··

101 791 142 832 qua
154 793 184 821 ex
194 781 271 823 eadem
282 781 424 823 institutione
435 784 547 822 nsrrtuatus
558 786 630 828 estat
641 779 737 822 arlSolis
748 782 895 823 cussumlini·

100 835 153 877 endi
166 838 216 877 anm
232 842 321 890 tempas
335 838 477 879 extenderet.
494 834 702 878 Mauretanias.
718 834 814 879 saturn.
829 849 848 876 c.
860 840 896 880 16.

100 893 157 935 odric
167 891 262 934 eiusdem
272 892 326 935 lr‘irrr'
335 907 385 948 unp.
397 896 428 934 14.

155 948 214 990 Tres
225 953 298 991 autom
309 949 373 991 luero
384 954 465 997 sectae,
483 946 604 996 Chaldaea,
614 947 732 1002 Aegyptia,
744 947 841 991 Graeca:
859 948 895 990 lais

99 1005 187 1046 addidit
198 1006 256 1059 apud
268 1019 307 1047 nris
318 1012 417 1060 ‹prrartanr
430 1004 514 1047 Caesar
523 1005 633 1053 Dictator,
645 1017 714 1046 annos
725 1006 753 1046 ad
768 1003 828 1046 Solis
843 1018 895 1047 cur·

100 1074 145 1102 snm
158 1061 262 1113 redigens
270 1060 378 1114 singulos,
389 1060 498 1113 Sosigene
510 1061 582 1114 perito
598 1061 705 1102 scientiae
720 1061 768 1102 eius
783 1061 894 1103 adhibito.

99 1115 135 1157 Eo
145 1117 207 1159 Plio.
217 1118 232 1159 I.
244 1122 276 1160 18.
287 1132 305 1159 c.
316 1121 349 1159 ¹25.

155 1174 265 1215 Allrsrma
279 1175 302 1214 in
317 1173 437 1215 Fauonium
455 1171 548 1214 Caesari
562 1170 650 1214 nobilia
665 1172 740 1215 sidera
756 1173 894 1224 significant,

97 1229 141 1272 lll.
152 1228 204 1270 Kal.
221 1230 267 1270 lnn.
282 1230 390 1271 malatino
411 1229 480 1270 Canis
496 1229 609 1271 occidens.
633 1228 706 1271 Panlo
723 1235 789 1285 post:
814 1228 895 1270 Pridie

98 1284 158 1327 Non.
169 1285 216 1326 lan.
230 1284 322 1327 Caesari
334 1283 460 1338 Delphinus
471 1287 578 1327 matutino
590 1285 700 1334 assuitur,
715 1292 738 1327 et
749 1288 839 1338 postero
855 1284 894 1327 clIe

98 1340 209 1391 Fidicula,
221 1356 263 1397 qno
274 1343 378 1394 Aegypto
388 1341 475 1392 Sagitta
490 1342 578 1394 vesperi
594 1341 681 1382 caecidit.
701 1339 776 1383 Porio
788 1346 855 1415 post.-
873 1340 895 1381 Α

98 1397 196 1439 Farrusio
207 1399 228 1438 in
240 1398 402 1451 aequinoctium
417 1410 507 1437 vernum
524 1398 613 1439 Caesari
629 1396 742 1448 significat
753 1395 824 1437 Xlll
839 1394 894 1439 Kal.

97 1453 173 1495 Martii
180 1455 275 1496 triduum
283 1454 355 1494 caric:
366 1452 458 1494 ctVlll.
465 1451 517 1494 Kal.
526 1453 751 1501 iltrunuintsvisnet
757 1457 846 1507 postero
854 1453 893 1495 dic

97 1509 185 1552 Arcturi
196 1516 275 1551 exssrtu
287 1508 423 1561 vespertino.
440 1509 492 1550 item
504 1509 537 1550 lll
553 1508 612 1551 Non.
627 1510 692 1550 lllnrt.
711 1508 795 1549 Caesar
810 1509 895 1550 Cancri

97 1571 176 1607 cxrsrtn
189 1566 209 1606 id
222 1566 268 1607 fieri
279 1565 412 1606 observavit.
428 1564 501 1606 Prurla
510 1572 576 1622 post:
593 1567 677 1606 Caesar
691 1570 713 1607 et
727 1564 782 1606 lalus
797 1565 894 1606 Martias

97 1620 183 1664 ferales
194 1622 236 1663 sihi
248 1623 363 1662 annotavit
374 1621 506 1675 Scorpionis
520 1635 606 1663 occasu·
626 1620 701 1663 Paulo
712 1625 777 1677 porr:
797 1618 833 1661 lll
843 1618 893 1661 No-

97 1692 136 1719 nas
146 1676 199 1730 rlpr.
210 1678 232 1718 in
242 1677 316 1718 Attica
323 1675 437 1728 Vergiliae
446 1679 535 1731 vesperi
547 1675 695 1719 occultantur.
705 1677 796 1718 eaedem
808 1677 893 1730 postri-

97 1735 133 1776 die
145 1733 166 1773 in
180 1734 280 1774 Boeotia:
297 1733 389 1774 Caesari
401 1739 474 1774 autcm
485 1733 641 1780 etChaldaeis,
649 1731 727 1774 Nonis.
744 1732 819 1774 Paulo
828 1739 893 1786 port.-

97 1789 191 1832 Caesari
202 1788 234 1830 Vl
250 1789 302 1830 lslus
317 1789 457 1839 significatur
472 1789 543 1830 imber
557 1789 640 1830 Librae
656 1802 745 1830 occasu:
766 1787 822 1829 xlv
837 1787 892 1830 Kal.

97 1845 152 1887 dieii
162 1846 266 1899 Aegypto
276 1842 372 1888 Suculae
383 1846 487 1887 occidunt
495 1844 592 1899 vesperi,
603 1847 665 1887 sidus
675 1844 794 1886 vehemens
808 1849 831 1885 et
845 1847 894 1886 ter-

96 1915 133 1944 rac
144 1905 241 1954 marique
252 1903 372 1950 turbidum,
386 1900 446 1942 XVl
455 1902 552 1951 Atticae,
567 1901 614 1944 XV
624 1901 722 1949 Caesari,
739 1902 893 1953 continuoque

96 1960 170 2001 triduo
181 1959 327 2008 siuniflcnbat.
350 1958 423 1999 Poura
430 1963 497 2013 post.-
514 1956 547 1999 Vl
562 1956 639 2000 Nonas
649 1958 703 1999 Maii
716 1955 807 1998 Caesari
819 1955 893 1999 Suau-

96 2013 131 2056 lac
143 2015 249 2057 matutino
264 2014 408 2062 exoriuntur,
428 2018 451 2054 et
464 2012 523 2055 vlu
536 2012 591 2055 Idus
607 2012 701 2068 Capella
716 2011 829 2068 pluvialis.
853 2010 893 2057 Ea·

94 2070 155 2113 Plio.
168 2071 205 2114 Iilr.
219 2074 251 2111 18.
262 2083 280 2111 c.
291 2073 324 2111 26.

151 2128 169 2168 Α
181 2124 330 2176 Vergiliarum
341 2130 422 2167 exrsrtu
433 2126 559 2176 significant
571 2123 661 2166 Caesari
673 2125 783 2180 postridie
797 2124 891 2168 Arcturi

96 2196 187 2225 ‹sccasns
202 2179 314 2223 matutini.
337 2181 412 2223 Porro
425 2187 491 2234 porc:
511 2180 547 2221 xl
561 2179 615 2221 Kal.
631 2180 723 2222 Caesari
739 2181 827 2222 Orionis
842 2180 892 2233 gla-

96 2238 145 2280 dius
156 2239 257 2281 occidere
267 2237 358 2291 incipit:
373 2236 409 2278 lll
419 2237 477 2279 Non.
487 2235 546 2278 Iunii
554 2236 647 2278 Caesari
657 2243 679 2279 et
689 2238 795 2287 Assyriae
808 2237 892 2292 Aquila

95 2297 184 2349 vesperi
199 2296 277 2342 irritus,
292 2298 335 2334 etc.
358 2291 394 2334 Xl
409 2291 461 2335 Kal.
476 2293 575 2335 eiusdem
591 2293 680 2335 Orionis
694 2291 782 2346 gladius
797 2293 892 2336 Caesari

95 2352 195 2393 occidero
206 2350 293 2403 incipit.
308 2348 344 2392 Ea
354 2348 414 2392 Plio.
425 2349 464 2392 tio.
476 2352 509 2391 18.
521 2363 540 2391 c.
550 2353 584 2392 2¹1.

151 2405 286 2450 ASnlstitio
301 2407 328 2447 ad
344 2405 460 2448 Fidiculae
476 2419 575 2448 occasum
589 2404 623 2447 vt
636 2404 687 2447 Kal.
702 2404 760 2446 lunii
772 2403 813 2459 (al.
823 2403 890 2462 Iulii)

97 2463 188 2506 Caesari
200 2463 267 2505 Orion
277 2463 386 2505 exoritur.
410 2463 485 2506 Paulo
493 2468 559 2518 post:
575 2458 658 2503 XVlll
668 2459 721 2504 Kal.
732 2462 834 2514 Asrgsssti.
846 2462 891 2505 Aa·

95 2527 165 2575 gypto
177 2518 260 2574 riquila
274 2519 358 2561 occidit
372 2521 491 2568 matutino,
507 2519 677 2572 Etesiarunrque
691 2518 805 2573 prodromi
820 2516 899 2560 tintus'

95 2578 216 2629 incipiunt,
234 2574 293 2627 quod
312 2574 395 2618 Caesar
413 2575 437 2616 X
457 2573 509 2616 Kal.
529 2577 613 2616 sentire
632 2573 721 2616 ltaliam
742 2575 891 2617 existimavit.

94 2632 170 2677 Paula
180 2638 244 2688 port:
261 2628 342 2684 Aquilo
352 2632 441 2674 Atticae
452 2632 561 2673 matutino
576 2631 669 2672 occidit:
685 2629 721 2671 lli
732 2628 782 2671 Kal.
793 2632 856 2681 regin
867 2633 891 2673 in

94 2694 186 2788 iliadem
197 2688 278 2787 [ἓὲηἱι
290 2686 357 2730 stella
374 2691 483 2732 matutino
500 2686 591 2728 Caesari
606 2687 753 2738 immergitur.
776 2685 813 2728 Er
828 2685 890 2730 Plio.

104 2760 132 2787 s.
172 2759 206 2787 .c.
246 2773 252 2783 .

356 2852 402 2896 DE
421 2849 627 2895 statamus.

96 2926 165 2970 etiam
176 2925 263 2984 :aliquid
268 2933 383 3024 poeticum
393 2925 470 2968 edidit.

153 2983 197 3026 Sed
209 2997 249 3025 nec
259 2997 272 3024 n
283 2984 340 3038 iqois
352 2996 422 3037 paene
436 2983 565 3024 Latinorum
581 2982 608 3023 de
624 2980 665 3023 liae
679 2983 726 3023 arte
740 2979 891 3026 institutionis

97 3037 169 3082 libros
178 3040 277 3094 scripsit,
288 3042 329 3081 nisi
343 3052 425 3093 paucus
434 3052 512 3081 sersus
523 3036 594 3079 lnlins
606 3037 695 3087 Caesar,
710 3042 732 3079 ct
742 3038 804 3090 ipsos
814 3042 891 3081 tamen

98 3096 125 3141 cla
135 3095 208 3137 alieno
219 3109 286 3150 opere
297 3101 416 3138 mritnntus.
435 3093 479 3137 lul·
493 3093 600 3136 dissuitur
610 3092 708 3136 Mortes.
720 3092 758 3135 rio.
768 3097 781 3135 2
791 3092 890 3136 inerrata.

153 3150 282 3199 Exsecutus
290 3157 325 3194 est
335 3153 402 3194 etiam
411 3149 490 3193 irarum
499 3148 602 3193 Siderum
612 3163 726 3193 numerum
737 3149 822 3192 Graece
833 3149 890 3192 Ara·
