1988 3594
99 606 149 661 tit
305 614 335 658 a.
356 612 486 658 uranu
504 612 554 656 nn
573 612 697 656 nunno

99 723 201 761 prospers
210 713 297 761 pugnat.
316 713 348 751 tt.
358 713 463 760 Legiones
472 722 528 751 nona
538 714 560 750 et
569 712 650 749 declina
660 721 685 749 ex
695 708 766 749 Sicilia
775 708 902 749 adveniunt.

99 782 130 821 lii,
141 781 243 819 Militares
256 779 375 828 praefectos
385 790 433 817 cum
447 779 551 818 dedecore
563 779 590 817 ab
599 779 695 817 exercitu
707 780 805 817 removet
814 775 901 816 Caesar.

99 849 130 885 to.
141 845 221 886 Contra
231 846 331 885 Gaetulos
345 846 487 885 desciscentes
500 845 553 885 Iuba
565 849 647 895 partem
657 845 762 884 exeroltus
775 845 797 883 ln
811 854 901 892 ragnum

99 915 194 952 remittit.
221 915 254 953 llil.
264 914 295 952 tl.
307 913 430 953 Caesariani
443 924 493 952 cum
506 913 611 961 Scipionis
624 912 729 951 militibus
742 912 900 960 colloquuntur.

98 979 199 1026 Aquinio,
210 990 259 1019 oum
269 980 360 1020 Saserna
369 981 521 1027 contabulantl,
531 980 640 1018 silentium
649 980 741 1027 imponit
749 979 809 1018 Iuba.
823 980 900 1019 58-64.

98 1046 156 1085 lnior
166 1046 251 1088 Uzitam
260 1051 283 1087 et
291 1048 433 1088 Adrumotum
442 1048 501 1087 varia
510 1048 582 1086 statim
592 1048 677 1086 fortuna
685 1049 803 1095 pugnaturi
813 1047 901 1085 tandem

97 1115 166 1152 uictor
175 1115 248 1153 eradit
258 1115 343 1155 Caesar.
362 1116 436 1155 to-iu.
446 1114 598 1154 Frumentandi
608 1113 679 1152 studio
688 1113 809 1153 dimicatur.
825 1114 900 1153 Zotum

99 1181 178 1221 ciresar
187 1185 254 1230 cupit;
264 1192 321 1230 auos,
331 1192 372 1231 qno
381 1182 446 1221 modo
455 1183 530 1220 contra
539 1181 663 1229 elephantos
672 1182 817 1230 pugnandum,
828 1183 900 1221 docet.

97 1250 129 1287 i-i.
142 1250 240 1296 vaccam,
254 1249 356 1299 oppidum
365 1247 452 1287 (lassari
461 1249 541 1296 favens,
555 1247 608 1287 Iuba
617 1249 690 1297 diripit
699 1249 804 1297 doletque.
822 1251 900 1289 ’lt-ii.

97 1315 130 1353 lid
149 1315 258 1355 Sarsuram
277 1316 360 1355 accedit
377 1314 456 1355 Caesar
473 1326 561 1364 amque
579 1316 646 1365 capite
664 1326 716 1356 mox
733 1321 755 1356 et
767 1317 900 1357 Thebanam.

97 1384 129 1421 ¹18.
139 1383 246 1422 Proelium
256 1384 282 1422 acl
292 1383 392 1431 Tegeam.
414 1384 490 1422 'll-88.
501 1381 586 1431 Caesar,
597 1383 623 1421 sd
633 1383 742 1432 Thapsum
750 1385 825 1429 victor,
837 1394 900 1423 acoe-

97 1450 129 1487 dit
137 1449 164 1488 ad
173 1449 265 1496 Uticam,
274 1461 321 1499 qua,
333 1451 414 1490 Catone
423 1452 445 1489 vi
454 1452 495 1490 sibl
505 1450 563 1489 illata
573 1453 665 1497 mortuo,
675 1451 757 1499 potitur
765 1461 804 1499 per
812 1451 837 1490 L.
846 1450 900 1490 Gae-

97 1526 173 1555 sarem.
196 1519 227 1556 89.
238 1519 329 1567 so.1pse
343 1518 369 1567 Q.
383 1519 469 1566 Ligario
483 1519 547 1558 ritem
561 1518 665 1558 concedit.
684 1517 769 1556 Uticam
781 1518 852 1564 venlt;
865 1518 901 1556 ln·

98 1584 191 1622 colarurn
204 1588 287 1633 partem
297 1587 364 1625 mults
373 1587 452 1625 adlicit.
475 1587 507 1626 sl.
517 1587 550 1625 92.
563 1585 638 1625 Iubam
648 1586 764 1624 Zamenses
774 1586 852 1634 oppido
862 1595 901 1625 ex·

96 1652 192 1691 cludunt.
223 1653 255 1693 93.
273 1651 388 1693 (lonsldius
406 1653 481 1693 Tisdra
498 1653 561 1700 rugit.
587 1652 691 1701 Virgilius
704 1664 727 1693 se
740 1654 801 1693 uadit
812 1655 900 1694 victori.

96 1722 128 1759 ili.
137 1720 192 1759 Iuba
205 1724 226 1760 et
236 1720 334 1760 Petreius
346 1721 467 1760 voluntaria
476 1723 544 1760 morta
556 1722 654 1769 pereunt.
676 1722 707 1760 95.
718 1722 742 1761 Ρ.
753 1721 819 1761 sitias
829 1721 899 1761 Sabu-

95 1798 141 1826 ram
158 1788 268 1837 interficit,
286 1789 353 1828 lubae
370 1789 508 1837 praelectum.
535 1788 627 1827 Faustus
641 1789 663 1827 ot
675 1786 776 1827 adamus
793 1791 898 1837 pereunt,

95 1856 127 1895 96,
137 1856 189 1894 item
199 1855 269 1904 supro
279 1856 307 1895 ad
316 1856 436 1905 Hipponem
445 1857 536 1905 regium.
560 1856 592 1895 el.
603 1854 684 1895 caesar
696 1855 775 1895 Zamae
788 1858 810 1895 et
822 1855 923 1897 Uticae'‘'

95 1920 152 1960 hona
163 1921 258 1960 hostium
271 1924 352 1963 vendit.
378 1923 500 1963 Numidiam
517 1923 649 1974 provinciam
667 1923 726 1963 iacit.
752 1924 897 1973 thapsitanls

94 1987 251 2037 adrumetinis,
269 1990 400 2039 Leptitanls,
408 1980 540 2031 'Tlsdrltanls
554 1991 643 2030 multam
655 1991 757 2040 imponite
776 1992 875 2032 civitates
886 2004 898 2032 a

95 2057 169 2104 rapina
178 2057 279 2096 defendit.
298 2059 330 2098 98.
341 2057 427 2097 Carales
436 2060 458 2097 ln
468 2059 592 2105 Sardiniam,
603 2069 653 2097 mox
662 2061 683 2098 et
691 2059 780 2098 Romam
788 2062 873 2099 transit.

150 2158 210 2212 Car.
230 2160 252 2211 1.
281 2150 386 2212 Caesar
400 2159 547 2214 itineribus
562 2161 644 2215 iustis
660 2160 801 2226 confectis,
818 2162 897 2217 nullo

95 2232 140 2285 die
155 2232 322 2297 intermisso,
339 2251 364 2287 a.
377 2232 406 2287 d.
417 2234 489 2289 xiil.
504 2235 565 2290 Kal.
576 2238 634 2290 lan.
651 2236 814 2309 Lilybaeum
830 2254 897 2308 per-

94 2307 172 2362 venit
189 2307 336 2379 statimque
351 2306 486 2373 ostendit,
503 2327 562 2365 sese
578 2329 663 2368 navas
678 2311 750 2366 velle
763 2328 898 2367 conscen-

95 2382 173 2445 dere,
190 2399 276 2453 quum
292 2400 346 2437 non
360 2383 481 2454 amplius
497 2384 631 2456 legionem
647 2388 768 2442 tironum
782 2386 897 2442 haberet

96 2474 188 2521 unam,
204 2459 312 2528 equites
322 2460 372 2514 vix
382 2467 537 2514 sexcentos.
560 2461 780 2517 Tabernaoulum
794 2479 896 2516 secun-

95 2532 161 2584 dum
178 2533 243 2586 litus
259 2534 351 2604 ipsum
363 2534 519 2599 constituit,
537 2542 568 2589 ut
580 2553 664 2607 prope
679 2535 780 2591 ssuotns
796 2537 896 2591 verbe-
913 2580 916 2585 .

95 2613 175 2660 reret.
198 2609 254 2661 Hoc
265 2625 296 2662 eo
306 2609 422 2663 consilio
434 2608 509 2674 iecit,
522 2626 556 2663 nc
565 2612 629 2680 quis
638 2612 693 2666 sihi
707 2628 800 2665 morae
810 2611 896 2682 quid-

94 2699 177 2751 quam
188 2680 245 2736 iore
256 2692 387 2754 speraret,
400 2691 426 2738 et
436 2693 467 2738 ut
476 2700 572 2738 omnes
583 2685 612 2738 in
623 2685 682 2741 dies
693 2687 830 2757 horasque
843 2704 896 2757 pa-

94 2758 144 2808 rati
160 2767 261 2811 essent.
291 2758 391 2812 incidit
404 2776 454 2828 per
472 2758 503 2812 id
521 2767 644 2830 tempus,
665 2769 695 2816 ut
717 2769 895 2833 tempestates

95 2831 127 2884 ad
148 2832 335 2904 navigandum
353 2833 466 2887 idoneas
480 2850 534 2888 non
553 2834 677 2890 haberet:
697 2837 787 2892 nihilo
802 2844 895 2891 tamen

95 2908 186 2960 minus
206 2908 235 2961 in
255 2908 374 2963 navibus
394 2909 513 2981 remiges
533 2909 691 2980 militesque
709 2913 850 2967 continere
867 2922 895 2967 et

94 2982 199 3035 nullam
236 2984 451 3053 praetermittere
487 2983 659 3038 occasionem
696 2986 890 3056 profectionis3

94 3073 181 3124 quum
205 3060 367 3127 praesertim
388 3059 422 3113 ab
442 3059 541 3113 incolis
561 3061 623 3114 eius
642 3061 800 3131 provinciae
819 3080 894 3116 nun-

95 3131 232 3186 ciarentur
261 3132 481 3190 adversariorum
510 3135 619 3206 copiae,
660 3136 797 3205 equitatus
828 3137 893 3191 infi-
