1988 3594
921 430 984 464 ·'.·.t

125 608 176 663 454
327 615 360 662 Α.
380 614 509 660 HIRTII
527 614 577 660 DE
596 612 719 658 BELLO

126 732 223 787 magna
232 714 307 785 oopia
319 713 378 779 tuit,
399 713 512 784 complet
524 722 603 785 atque
616 714 642 768 in
653 722 736 767 eastra
746 712 779 767 ad
789 712 932 769 Caesarem
969 774 972 779 ,

127 790 215 844 mittit.
235 789 355 844 Allienus
369 790 472 843 interim
486 787 624 859 proconsul
638 805 652 842 s
664 786 791 861 Lilybaeo
804 788 832 845 in
847 806 932 843 naves

126 865 257 918 onerarias
268 864 380 934 imponit
390 863 504 936 legiones
515 865 577 917 XIII
587 871 612 917 et
621 864 683 918 XIV
692 870 716 916 et
725 863 827 935 equites
836 861 931 918 Gallos

126 938 222 1002 DCCC,
243 938 406 993 funditorum
419 938 669 1010 sagittariorumque
685 937 767 1001 mille,
787 954 819 992 ao
834 954 932 993 secun·

126 1013 191 1066 durn
202 1019 377 1067 commeatum
388 1013 416 1065 in
426 1012 540 1066 Africam
551 1012 631 1065 mittit
640 1011 673 1065 ad
687 1011 838 1067 Caesarem:
860 1030 933 1084 quae

127 1105 217 1152 naves,
237 1094 347 1141 ventum
357 1087 503 1140 secundum
514 1094 611 1151 nactae,
628 1085 774 1158 quartodie
784 1086 810 1140 in
823 1095 933 1157 portum

127 1162 160 1214 ad
174 1162 330 1232 Ruspinam,
350 1161 398 1215 ubi
415 1160 510 1216 Caesar
525 1170 608 1215 castra
624 1162 758 1227 habuerat,
783 1160 933 1217 incolumes

126 1244 312 1307 pervenerunt.
342 1238 379 1290 lta
398 1235 501 1301 Caesar,
522 1236 621 1308 duplici
641 1236 736 1290 laetitia
751 1252 782 1291 ao
794 1236 933 1309 voluptate

127 1327 181 1364 uno
192 1320 306 1382 tempore
319 1318 420 1373 auctus,
432 1309 564 1366 frumento
573 1311 742 1381 auxiliisque,
755 1309 860 1366 tandem
871 1312 933 1367 suis

127 1384 279 1439 exhilaratis
298 1402 455 1456 annonaque
474 1385 566 1451 lavata,
587 1385 791 1441 sollicitudinem
810 1386 931 1457 deponit,

128 1459 243 1531 legiones
253 1461 416 1531 equitesque,
428 1478 460 1513 ex
471 1461 586 1514 navibus
595 1477 723 1533 egressos,
738 1461 811 1515 iubet
823 1478 858 1516 ex
872 1460 934 1517 lan-

127 1550 208 1605 guore
219 1535 495 1605 nauseaqusrefioere3
516 1533 641 1590 dimissos
651 1535 677 1590 in
687 1534 792 1590 castella
801 1536 934 1592 munitio-

128 1625 226 1678 aesque
236 1608 361 1679 disponit.

182 1684 296 1739 XXXV.
317 1683 421 1750 Quibus
430 1684 510 1740 rebus
519 1684 723 1760 Scipio,quique
732 1701 792 1739 cum
803 1700 834 1740 eo
844 1694 930 1752 erant,

128 1758 218 1811 mirari
229 1765 255 1812 et
263 1760 407 1829 requirere:
429 1760 459 1815 C.
471 1761 617 1824 Caesarem,
634 1760 681 1832 qui
696 1760 765 1814 ultro
777 1770 934 1817 consuesset

127 1832 226 1887 bellum
240 1832 334 1888 inferre
344 1852 373 1888 ao
383 1834 507 1889 lacessere
516 1833 623 1906 proelio,
635 1834 724 1889 subito
735 1843 932 1891 eommutatum
979 1870 984 1897 -,

128 1925 180 1961 non
194 1908 252 1962 sine
261 1926 358 1981 magno
367 1909 476 1965 oonsilio
485 1909 697 1981 suspicabantur.
718 1911 808 1981 Itaque
821 1926 855 1965 ex
871 1911 932 1966 eius

127 1983 250 2051 patientia
261 2002 288 2037 nr
298 2000 426 2056 magnum
435 1986 555 2040 timorem
562 1984 678 2049 ooniecti,
685 2002 719 2039 ex
724 1983 842 2039 Gaetulis
849 1984 929 2053 duos,

128 2058 933 2132 quosarbitrabantursuisrebusamioissimos‚magnisprao-

129 2131 190 2183 iniis
200 2130 486 2204 pollicitationibusque
494 2134 697 2204 propositis,pro
706 2132 824 2207 perfugis
834 2150 933 2205 specu-

129 2204 199 2257 landi
210 2205 294 2276 gratia
307 2204 334 2259 in
346 2207 464 2262 Caesaris
481 2215 563 2262 castra
584 2208 699 2262 mittunt.
723 2207 774 2274 Qui
794 2208 875 2263 simul
895 2211 930 2265 ad

127 2296 188 2332 eum
199 2288 262 2333 sunt
271 2279 385 2345 deducti,
398 2282 537 2353 petierunt,
549 2289 579 2336 ut
587 2282 639 2337 sibi
650 2282 736 2337 lioeret
745 2283 803 2338 sine
811 2284 932 2354 periculo

128 2353 207 2407 verba
218 2354 347 2426 proloqui.
368 2358 495 2411 Potestats
505 2356 578 2422 iacta,
587 2357 784 2426 Saepenumero,
791 2358 928 2430 inquiunt,

127 2434 277 2496 imperator,
290 2435 432 2499 complures
445 2432 556 2495 Gaetuli,
568 2437 613 2502 qui
621 2450 710 2488 summ
719 2436 823 2487 clientes
835 2432 932 2490 Oura-

127 2508 164 2558 rii
174 2513 197 2557 et
205 2510 387 2572 propemodum
400 2525 485 2562 omnes
499 2512 566 2562 ciues
579 2509 695 2570 Romani,
716 2513 761 2577 qui
774 2516 835 2562 sunt
848 2513 877 2562 in
893 2512 931 2563 lo-

128 2583 202 2647 pione
212 2590 308 2648 quarta
318 2589 342 2635 et
353 2591 438 2644 sexta,
460 2586 495 2636 ad
506 2591 529 2635 te
538 2586 666 2636 volaturus
675 2587 704 2636 in
717 2592 812 2652 tuaque
826 2588 932 2651 praesi-

128 2658 335 2723 diocaesaream
354 2661 399 2710 sed
413 2661 536 2711 custodiis
550 2662 664 2726 equitum
680 2657 862 2721 Numidarum,
879 2676 931 2726 quo

128 2732 156 2781 id
167 2733 222 2782 sirie
229 2733 346 2797 periculo
356 2736 441 2786 miuus
450 2737 601 2801 faceremus,
612 2735 822 2800 impediebamur.
842 2733 929 2798 Nune,

129 2806 192 2856 datu
201 2808 333 2872 facultate,
346 2824 396 2874 pro
410 2811 614 2875 speculatoribus
626 2811 700 2862 missi
708 2811 741 2862 ab
750 2807 879 2876 Scipione,
894 2813 931 2862 ad

130 2885 153 2928 te
164 2884 327 2945 cupidissime
334 2886 458 2945 uenimus,
469 2892 499 2936 at
503 2888 715 2950 perspiceremus,
729 2900 790 2936 uum
800 2900 866 2950 quae
875 2888 890 2952 s
916 2915 931 2925 -

128 2967 173 3004 soe
183 2962 229 3007 aut
241 2959 353 3010 insidiae
367 2959 508 3024 elephantis
526 2966 586 3011 ante
602 2966 689 3011 eastra
706 2965 848 3025 portasque
866 2961 932 3012 salli

127 3029 214 3090 saetae
223 3039 312 3091 essent,
323 3034 450 3099 standique
459 3035 569 3085 consiliu
577 3040 664 3086 oestro
677 3039 767 3086 eontra
777 3035 879 3085 easdem
888 3034 932 3084 be-

128 3103 194 3155 stias
207 3109 473 3174 comparationemque
479 3123 584 3174 puppas
595 3122 802 3175 evanesceremus
814 3113 893 3175 atque
908 3111 933 3160 ei
