1988 3594
159 406 209 450 DE
222 403 617 449 BELLOHISPANIENSI.
639 403 719 448 GAP.
731 405 754 447 1.
766 403 792 449 2.
832 397 880 448 l93

137 509 197 560 Car.
214 508 235 561 1.
264 497 401 558 Pharnace
412 511 542 574 superato,
559 501 765 575 Alricarecepta,
783 504 830 574 qui
847 520 881 559 ex

82 583 114 636 iis
127 580 232 652 proeliis
247 597 307 633 cum
324 579 484 633 adolescente
498 579 548 633 Cn.
559 578 682 650 Pompeio
690 577 879 651 profugissent,

81 674 166 729 quum
177 664 201 709 et
211 654 341 710 ulterioris
353 654 492 723 Hispaniae
505 654 603 725 potitus
613 661 688 719 esset,
705 653 770 708 dum
787 654 881 708 Caesar

82 731 238 786 muneribus
249 730 343 783 dandis
354 729 381 782 in
392 728 465 782 ltalia
475 728 613 793 detinetur,
630 746 684 800 quo
694 728 796 783 facilius
805 745 881 800 prae-

81 808 148 863 sidia
158 813 246 860 contra
255 804 570 875 compararetPompeius,
582 804 609 857 in
621 803 699 858 fidem
709 804 881 858 uniuscuius-

82 899 135 953 que
144 882 256 934 civitatis
266 878 405 952 confugere
414 879 505 949 eoepit.
526 879 563 931 lta
572 880 667 949 partim
678 878 808 950 precibus,
821 896 882 950 par·

83 958 131 1010 tim
141 956 177 1020 ri,
199 956 265 1009 bene
278 972 374 1028 magna
384 961 532 1025 comparata
546 971 637 1018 manu,
659 954 820 1025 provinciam
835 971 882 1007 va-

82 1040 160 1084 stare.
181 1029 284 1095 Quibus
299 1030 326 1083 in
342 1029 422 1082 rebus
441 1027 584 1082 nonnullae
596 1028 714 1083 civitates
726 1046 775 1083 sua
789 1036 882 1100 sponte

83 1104 182 1160 auxilia
194 1104 338 1167 mittebant,
355 1104 418 1157 item
433 1102 576 1157 nonnullae
589 1110 678 1174 portas
690 1111 780 1158 contra
792 1103 883 1158 clude-

83 1181 156 1235 bant.
177 1180 219 1233 Ex
228 1178 327 1250 quibus
336 1178 360 1231 si
369 1195 422 1249 qua
431 1177 528 1249 oppida
538 1178 681 1250 viceperat,
689 1196 774 1252 quum
784 1178 882 1250 aliquis

83 1273 117 1310 ex
126 1272 156 1308 ea
164 1254 267 1308 civitate
275 1254 374 1324 optime
382 1252 601 1325 deCn.Pompeio
610 1255 719 1309 meritus
728 1255 794 1309 civis
804 1262 880 1318 esset,

83 1336 187 1402 propter
205 1329 330 1400 pecuniae
348 1327 558 1399 magnitudinem
577 1328 665 1400 aliqua
683 1329 706 1383 ei
725 1328 883 1384 inferebatur

83 1422 185 1469 caussa,
197 1412 236 1467 ut,
250 1419 281 1458 eo
292 1403 325 1457 de
335 1402 423 1457 medio
432 1402 545 1468 sublato,
561 1421 595 1458 ex
608 1406 665 1459 eius
679 1405 790 1476 pecuma
804 1403 883 1459 latro-

85 1497 151 1535 num
161 1478 264 1551 largitio
273 1477 354 1532 fieret.
375 1480 412 1533 lta
421 1478 512 1548 paucis
525 1479 671 1533 commodis
684 1480 757 1535 hoste
771 1479 881 1544 berteto,

85 1555 196 1609 maiores
206 1553 369 1626 augebantur
382 1553 481 1624 copiae.
501 1551 543 1608 Ob
556 1553 606 1608 boc
619 1554 718 1608 crebris
737 1554 841 1608 nunciis
855 1554 882 1608 in

85 1629 186 1683 ltaliam
197 1629 297 1691 missis,
309 1628 426 1683 civitates
437 1628 580 1682 contrariae
589 1629 713 1700 Pompeio
723 1628 822 1684 auxilia
831 1629 883 1683 sibi

85 1702 295 1776 depostulabant.

140 1780 174 1833 ΙΙ.
195 1778 225 1833 C.
236 1778 331 1834 Caesar
340 1777 448 1832 dictator
458 1779 502 1842 111,
516 1777 668 1851 designatus
678 1778 722 1843 tv,
738 1776 832 1832 multis
841 1777 885 1832 iti·

90 1854 195 1908 neribus
205 1860 264 1908 ante
272 1852 403 1915 conlectis,
420 1870 506 1925 quum
514 1851 592 1907 celeri
606 1851 769 1908 festinatione
781 1852 816 1908 ad
828 1851 885 1907 bel-

97 1947 143 1983 um
154 1927 345 1983 conficiendum
357 1928 384 1982 in
394 1928 548 2000 Hispaniam
556 1927 679 1992 venisset,
696 1927 773 2002 legati
783 1927 885 1983 Cordu-

102 2021 190 2068 cnscs,
203 2003 250 2074 qui
261 2021 274 2057 a
285 2002 333 2058 Cn.
344 2003 468 2074 Pompeio
476 2003 658 2067 discesserant,
665 2003 769 2058 Caesari
778 2003 884 2058 obviam

107 2079 210 2133 eniunt:
232 2096 246 2132 a
261 2078 360 2148 quibus
374 2078 558 2142 nunciabatur,
574 2087 701 2134 nocturno
715 2088 826 2147 tempore
839 2096 885 2147 op-

112 2158 175 2206 'dum
187 2152 332 2206 Cordubam
341 2157 401 2220 capr·
407 2170 490 2220 posse,
515 2157 582 2222 quod
595 2170 641 2207 nec
660 2157 824 2221 opinorrtr'bus
836 2157 885 2207 ad-

118 2232 211 2280 rsnriia
221 2232 275 2280 eius
282 2231 433 2293 provinciae
438 2232 536 2294 potitus
545 2236 616 2289 esset,
622 2231 749 2297 minuique
754 2230 886 2281 tabellarii

124 2306 158 2354 nti
167 2309 257 2362 essent,
278 2305 324 2368 qai
331 2317 349 2353 c
364 2299 413 2353 Cra.
422 2301 540 2369 Pompeio
553 2304 673 2369 dispositi
690 2304 807 2357 omnibto
822 2305 886 2355 locis

130 2385 177 2439 ent,
189 2393 240 2445 quo
250 2379 383 2428 certiorem
395 2374 441 2428 Gn.
451 2375 596 2442 Pompeium
604 2379 636 2429 de
644 2376 764 2431 Caesaris
773 2380 885 2431 adventu

135 2459 209 2504 arent.
223 2447 304 2503 Multa
315 2456 443 2519 praeterea
452 2448 606 2504 verisimilia
616 2451 806 2521 proponebant.
820 2448 887 2516 Qui-

150 2524 229 2578 rebus
239 2522 376 2587 adductus,
394 2541 461 2594 quos
472 2522 569 2597 legatos
579 2533 639 2580 ante
647 2526 772 2580 exercitui
786 2524 887 2597 praele-

147 2608 165 2663 t,
178 2598 210 2664 Q.
221 2597 330 2653 Pedium
341 2605 366 2652 et
380 2597 412 2663 Q.
423 2597 536 2652 Fabium
552 2599 710 2666 Maximum,
730 2600 826 2655 desua
840 2600 888 2655 ad-

152 2692 169 2728 u
181 2673 240 2728 lacit
249 2674 377 2738 certiores,
386 2681 510 2746 ut,quem
520 2673 571 2728 sibi
581 2675 727 2746 equitatum
736 2692 770 2730 ex
778 2675 888 2747 provin-

156 2748 277 2805 'ecissent
299 2748 429 2819 praesidio
449 2748 589 2804 mitterent.
618 2750 661 2804 Ad
678 2766 747 2822 quos
764 2748 886 2815 caterius,

163 2842 171 2877 ι
184 2824 232 2895 ipsi
244 2822 341 2894 opinati
352 2830 423 2886 sunt,
436 2821 667 2895 adpropinquavit,
682 2840 777 2898 neque,
791 2832 822 2881 ut
830 2824 889 2898 ipse

168 2905 182 2964 t,
194 2898 340 2972 equitatum
350 2898 402 2952 sibi
413 2897 543 2971 praesidio
551 2898 653 2957 habuit
