1988 3594
172 589 221 640 380
380 596 430 640 DE
453 596 576 640 BELLO
601 594 723 640 CIVILI

172 694 212 750 lae
230 703 406 768 cognosceret.
440 695 535 750 Milites
554 703 640 749 tamen
657 711 749 748 omues
767 693 794 746 in
814 692 895 746 armis
914 710 975 748 osso

173 772 258 834 iussit,
280 787 422 843 regemque
436 770 554 824 hortatus
568 777 615 834 est,
637 777 667 823 ut
685 787 718 823 ex
734 768 791 822 suis
806 768 972 833 necessariis,

171 862 239 916 quos
249 846 356 899 haberet
368 845 500 898 maximae
510 845 679 908 auctoritatis,
696 843 793 916 legatos
804 843 837 896 ad
847 842 971 897 Achillan

172 921 283 974 mitteret
297 927 331 984 et,
354 918 420 990 quid
434 927 501 973 esset
515 936 579 974 suae
596 919 747 983 voluntatis,
767 917 923 972 ostenderet.
950 918 973 972 A

171 1012 225 1066 quo
244 994 319 1048 missi
340 993 503 1048 Dioscorides
522 1001 547 1048 et
562 993 701 1065 Serapion,
726 993 775 1064 qui
797 994 875 1047 ambo
893 992 974 1066 legati

172 1070 270 1124 Romae
283 1067 387 1123 luerunt
402 1085 581 1141 magnamque
594 1068 666 1139 apud
680 1075 780 1138 patrem
792 1067 972 1123 Ptolemaerun

172 1144 349 1198 auctoritatem
361 1143 515 1208 habuerant,
528 1143 561 1197 ad
570 1141 692 1198 Achillan
701 1149 885 1213 pervenerunt.
899 1141 973 1209 Quos

173 1219 225 1283 ille,
240 1236 326 1290 quum
343 1217 551 1288 inconspectum
564 1218 774 1283 einsvenissent,
791 1217 876 1288 prius,
888 1234 971 1289 quam

172 1292 282 1356 audiret,
295 1299 349 1357 aut,
361 1293 437 1347 cuius
448 1293 486 1347 re'i
497 1310 590 1347 caussa
599 1293 675 1347 missi
686 1299 781 1357 essent,
794 1299 970 1366 cognosceret,

171 1369 265 1438 corripi
277 1376 355 1438 atque
367 1367 476 1421 interfici
487 1367 578 1422 iussit:
600 1385 714 1439 quorum
724 1366 788 1422 alter
798 1375 901 1439 accepto
910 1366 973 1423 vul-

171 1460 233 1497 nere
243 1449 393 1512 oocupatus,
401 1459 448 1512 per
457 1459 520 1496 suos
530 1458 577 1513 pro
586 1443 671 1498 occiso
678 1440 809 1507 sublatus,
817 1441 880 1497 alter
890 1443 973 1497 iuter-

171 1516 254 1571 lectus
264 1524 312 1571 ost.
334 1515 392 1582 Ouo
401 1515 476 1581 facto,
484 1534 571 1590 regem
580 1525 610 1572 ut
621 1518 649 1572 in
659 1535 708 1572 sua
717 1524 842 1589 potestate
851 1517 969 1583 haberet,

172 1591 267 1646 Caesar
283 1591 374 1657 effecit,
395 1609 574 1664 magnamque
589 1593 692 1666 regium
706 1609 803 1647 nomen
817 1591 888 1663 apud
906 1609 971 1647 suos

171 1666 349 1721 auctoritatem
370 1666 466 1720 habore
485 1667 649 1732 existimans,
671 1674 696 1721 et
713 1674 744 1721 ut
763 1667 851 1738 potius
869 1666 973 1737 privato

173 1758 315 1812 paucorum
325 1748 350 1795 et
360 1739 502 1807 latronum,
514 1759 595 1813 quam
607 1742 678 1815 regio
687 1741 804 1807 oonsilio,
817 1749 971 1813 susceptum

171 1816 271 1871 bellum
284 1815 426 1871 videretur.

227 1967 284 2021 CX.
304 1967 385 2021 Erant
396 1984 457 2020 cum
471 1965 573 2021 Achilla
587 1965 683 2037 copiae,
704 1975 734 2021 ut
748 1983 834 2037 nequo
848 1982 971 2033 numero,

173 2058 259 2112 neque
273 2058 367 2113 genere
381 2041 533 2105 hominurn,
555 2058 641 2111 neque
656 2058 706 2095 usu
723 2041 760 2095 rei
775 2039 897 2095 militaris
909 2058 973 2097 oon-

172 2115 326 2169 temnendae
344 2116 509 2170 viderentur:
531 2114 615 2170 millia
633 2115 704 2169 enirn
723 2115 817 2188 viginti
840 2115 869 2170 in
888 2116 972 2171 armis

172 2190 294 2244 habebat.
315 2191 368 2243 Hae
384 2190 538 2244 constabant
551 2207 584 2244 ex
598 2189 755 2244 Gabinianis
769 2189 910 2255 militibus,
922 2190 972 2262 qui

172 2266 226 2319 iam
241 2265 268 2317 iu
285 2264 501 2318 consuetudinem
516 2263 709 2319 Alexandrinae
725 2265 794 2320 vitae
808 2281 838 2319 ac
853 2263 971 2321 licentiae

172 2345 306 2403 venerant,
323 2345 347 2392 et
362 2356 457 2393 nomen
467 2338 689 2411 disciplinamque
702 2339 793 2411 populi
804 2339 916 2394 Romani
925 2339 973 2395 de-

174 2413 318 2468 didicerant
340 2430 489 2485 uxoresque
507 2414 651 2479 duxerant,
677 2414 830 2486 exquibus
850 2413 972 2486 plerique

174 2489 269 2543 liberos
280 2487 421 2543 habebant.
442 2490 499 2543 Huc
510 2490 665 2544 accedebant
676 2488 773 2543 collecti
789 2506 822 2543 ex
831 2488 973 2559 praedoni-

174 2564 224 2617 bus
239 2561 438 2634 latronibusque
448 2563 540 2638 Syriae
553 2564 712 2636 Ciliciaeque
725 2564 875 2634 provinciae
890 2563 973 2618 liniti·

176 2655 333 2709 marumque
347 2639 495 2712 regionum.
516 2638 592 2695 Multi
607 2646 738 2710 praeterea
752 2639 844 2709 capitis
854 2637 973 2693 damnati

173 2713 331 2784 exsulesque
340 2721 528 2769 convenerant:
549 2712 722 2787 fugitivisque
736 2713 861 2767 omnibus
874 2713 973 2767 nostris

172 2797 258 2843 certus
268 2789 501 2844 eratAlexaudriae
509 2796 627 2861 receptus
637 2797 758 2859 certaque
768 2789 836 2843 vitae
846 2787 970 2854 conditio,

174 2871 211 2928 ut,
228 2864 288 2917 dato
303 2864 418 2928 nomine,
440 2863 556 2919 militum
572 2871 659 2919 essent
673 2879 797 2918 numero:
819 2879 935 2934 quorum
948 2863 972 2919 si

173 2939 235 3008 quis
244 2956 259 2992 a
269 2937 377 2993 domino
386 2939 599 3010 prehenderetur,
612 2955 743 2994 concursu
753 2936 869 2991 militum
878 2937 974 3009 eripie-

174 3012 259 3077 batur,
277 3013 323 3082 qui
334 3013 390 3068 vim
400 3031 520 3077 suorum,
532 3015 604 3086 quod
615 3015 642 3069 in
652 3012 734 3069 simili
744 3010 821 3082 culpa
832 3013 976 3069 versaban-

174 3092 226 3150 tur,
244 3087 293 3157 ipsi
304 3103 352 3156 pro
361 3106 410 3143 suo
423 3088 539 3160 periculo
547 3088 730 3145 defendebant.
751 3088 782 3141 lli
800 3104 893 3161 regum
907 3086 976 3145 ami-
