1988 3594
94 577 144 631 506
393 580 441 626 DE
460 580 582 626 BELLO

93 682 242 757 complures
254 680 392 757 profugere
410 682 438 737 in
452 682 607 748 Baeturiam,
629 699 715 754 neque
732 681 784 737 sibi
803 681 889 739 ullam
919 690 929 727 -‘

94 778 169 833 spem
181 760 302 815 victoriae
311 758 470 831 propositam
480 758 588 815 habere:
609 765 642 824 et,
654 759 678 813 si
688 758 735 831 qui
745 775 778 813 ex
791 759 889 813 nostris
920 752 929 819 ·’,

94 835 271 910 transfugerit,
292 835 319 889 in
334 833 417 889 levem
428 842 586 891 armaturam
599 834 692 889 eoniiei
704 850 819 905 eumque
833 851 886 889 non

95 912 209 984 amplius
218 911 280 967 XVl
293 911 415 982 accipere.

143 988 248 1047 ,XXllL
268 985 418 1058 Insequenti
439 992 554 1056 tempore
575 984 669 1040 Caesar
689 984 781 1039 castris
803 993 888 1040 castra

95 1062 204 1118 contulit
214 1070 239 1117 et
257 1061 395 1116 bruchium
410 1060 443 1116 nd
456 1059 554 1115 flumen
565 1058 671 1115 Salsum
685 1061 780 1115 ducere
791 1061 886 1132 coepit.

96 1140 144 1194 llio
155 1138 220 1193 dum
232 1139 259 1193 in
273 1154 350 1209 opere
363 1136 443 1190 nostri
458 1135 563 1190 distenti
578 1143 673 1202 essent,
694 1134 842 1208 complures
853 1153 887 1191 ex

95 1215 227 1269 suneriore
240 1213 293 1269 loco
302 1211 510 1268 adversariorum
523 1211 739 1267 decucurrerunt:
760 1228 807 1266 nec
816 1210 888 1266 desi-

96 1291 218 1346 nentibus
229 1288 333 1353 nostris,
349 1286 440 1342 multis
452 1286 510 1342 telis
521 1287 622 1343 iniectis
631 1286 778 1360 complures
791 1286 887 1343 vulne-

96 1367 169 1421 ribus
182 1363 305 1420 edfecere.
325 1363 373 1417 Hic
380 1370 477 1428 temen,
488 1370 518 1418 ut
528 1363 563 1418 ait
572 1363 685 1429 Ennius,
696 1368 780 1419 nostri
789 1381 886 1418 cesam

92 1458 241 1510 parumper.
270 1441 360 1510 ltaque
369 1446 469 1510 praeter
482 1439 697 1494 consuetudinem
713 1456 823 1512 quuma
838 1457 886 1494 no-

96 1517 156 1570 stris
167 1513 378 1569 onimadversum
384 1521 460 1580 esset,
476 1514 574 1579 cedere,
589 1516 752 1571 centuriones
762 1532 795 1570 ex
805 1514 886 1587 legio-

96 1609 129 1646 ne
142 1590 234 1662 quinta
248 1588 347 1645 flumen
363 1590 518 1664 transgressi
536 1591 589 1647 duo
604 1591 772 1645 restituerunt
786 1589 882 1659 aniem3

95 1665 439 1737 acriterqueerimiavirtute
447 1666 535 1738 plures
544 1678 629 1739 quum
639 1673 750 1740 agerent,
764 1683 797 1721 ex
806 1683 886 1737 supe-

97 1743 162 1797 riore
181 1740 236 1797 loeo
250 1740 418 1797 multitudine
439 1742 548 1797 telorum
568 1741 632 1798 alter
645 1747 740 1797 'eorum
761 1741 881 1796 concidit.

96 1820 142 1883 lta,
152 1834 237 1890 quum
247 1817 270 1871 is
280 1835 385 1889 compar
394 1818 521 1889 proelium
530 1816 613 1873 facere
623 1817 749 1890 coepisset
758 1824 791 1882 et,
799 1833 885 1888 quum

96 1894 215 1965 undique
227 1893 447 1949 secircumveniri
461 1893 580 1948 animum
595 1893 755 1957 advertisset,
776 1909 887 1964 parum-

95 1987 142 2041 per
151 1970 296 2043 ingressus,
308 1969 402 2040 pedem
417 1967 532 2023 offendit.
561 1969 647 2023 Huius
659 1968 818 2024 concidentis
833 1967 885 2022 viri

96 2063 157 2100 casu
176 2044 276 2116 passim
295 2043 396 2108 audito,
417 2060 501 2115 quum
514 2042 661 2114 complures
675 2044 885 2100 adversariorum

95 2137 253 2175 concursum
263 2117 383 2182 facerent,
395 2118 496 2188 equites
505 2119 587 2172 nostri
598 2120 754 2192 transgressi
764 2119 886 2174 interiore

97 2196 151 2251 loco
161 2193 322 2249 adversarios
335 2192 368 2246 ad
377 2191 477 2247 vallum
492 2209 567 2265 agere
580 2202 727 2264 coeperunt.
757 2195 804 2259 lte,
819 2195 884 2248 dum

95 2270 218 2342 cupidius
229 2269 296 2324 intra
304 2267 433 2340 praesidia
443 2266 549 2322 illorum
559 2265 665 2323 student
673 2268 778 2325 caedem
791 2268 882 2334 faeere,

96 2345 215 2401 aturmis
224 2352 249 2399 et
259 2343 310 2399 levi
322 2350 453 2398 armatura
462 2350 524 2398 sunt
533 2342 678 2401 interclusi.
701 2340 819 2411 Quorum
834 2345 885 2401 nisi

96 2439 200 2478 summa
212 2420 295 2475 virtus
305 2419 405 2484 fuisset,
417 2418 471 2474 vivi
486 2418 553 2492 cepti
562 2426 662 2475 essent:
684 2437 745 2475 nam
759 2429 784 2477 et
795 2422 886 2477 muni-

95 2500 165 2554 tione
183 2495 305 2569 pra'esidii
324 2496 360 2550 itu
377 2496 626 2570 coangustabantur,
647 2502 677 2551 ut
690 2513 779 2568 eques,
801 2499 886 2570 spatio

96 2573 245 2638 intercluso,
267 2574 314 2627 vix
332 2588 361 2626 se
378 2570 514 2627 defendere
532 2578 628 2644 posset.
654 2572 696 2626 Ex
714 2573 756 2628 his
774 2580 886 2645 utroque

95 2667 189 2724 genere
201 2665 305 2723 pugnae
317 2647 464 2720 complures
484 2655 547 2704 sunt
561 2646 717 2703 vulneribus
735 2648 835 2713 adfecti,
857 2649 885 2702 in

96 2726 157 2798 quis
168 2725 246 2780 etiem
259 2722 366 2778 Clodius
377 2723 514 2795 Aquitius:
536 2723 603 2778 inter
616 2739 684 2794 quos
693 2722 728 2778 ita
736 2723 885 2778 comminus

96 2809 135 2856 est
143 2807 300 2874 pugnatum,
317 2806 348 2853 ut
360 2815 393 2854 ex
403 2799 507 2864 nostris,
527 2796 702 2871 praeterduos
712 2799 884 2864 centuriones,

96 2877 130 2931 sit
139 2894 216 2931 nemo
225 2874 393 2939 desideratus,
405 2874 678 2948 glorieeeefferentss.
748 2882 751 2887 ‘

150 2952 248 3005 XXIV.
270 2952 373 3005 Postero
381 2950 424 3005 die
435 2951 468 3005 ab
478 2949 603 3005 Soricaria
612 2956 784 3020 utrorumque
792 2964 888 3003 conve-
915 2996 921 3004 ,

98 3042 158 3081 nere
166 3027 261 3099 copiae.
272 3026 359 3081 Nostri
370 3026 474 3080 brachia
485 3024 579 3080 ducere
586 3031 735 3096 coeperunt.
747 3023 887 3095 Pompeius

97 3117 181 3172 quum
191 3101 416 3168 animadverteret,
425 3099 529 3157 castello
538 3118 567 3157 se
575 3099 681 3155 excludi
685 3098 808 3172 Aspavia,
815 3098 887 3171 quod
