1988 3594
98 584 147 639 tea
297 591 328 637 lt
348 589 478 634 muru
496 588 544 632 un
568 586 691 630 sunno

100 702 153 753 tur,
167 699 196 743 ut
212 698 390 744 ueteranorum
408 697 529 743 virtutem
548 691 743 742 irenrulrrreutur
762 706 901 758 seriturque

97 774 202 836 (aarum,
215 782 305 818 rtotueu
319 768 460 833 locumque,
476 768 588 817 uictoria
600 771 688 830 parto,
705 773 826 831 cuperent
837 782 901 832 pos-

97 846 191 894 sillero.

153 914 289 968 LXXXII.
317 915 407 984 Itaque
426 912 453 967 in
473 912 660 966 circumeundo
678 912 821 967 exercituin
842 916 901 967 ani-

98 990 247 1051 madvertit,
260 989 346 1043 hostes
356 990 424 1041 cirea
434 986 534 1041 vallum
546 987 682 1057 trepidare,
695 996 773 1059 atque
784 987 853 1042 ultro
863 987 902 1041 ei-

98 1071 190 1134 troque
200 1063 309 1135 pavidos
318 1079 472 1117 concursare
480 1070 505 1114 et
518 1061 596 1115 ruodo
609 1079 638 1115 sc
650 1062 717 1116 intra
732 1071 818 1132 portas
835 1063 901 1117 reci-

98 1156 167 1208 pere,
180 1138 258 1192 morlo
268 1138 442 1192 inconstanter
453 1135 674 1208 immoderateque
684 1138 794 1207 prodire.
809 1137 900 1203 Quum

98 1214 168 1267 idern
180 1231 195 1266 a
205 1212 327 1284 pluribus
339 1211 511 1266 animadverti
521 1220 642 1282 coeptum
657 1219 737 1277 esset;
758 1212 847 1266 subito
862 1213 901 1267 le-

97 1289 152 1363 gati
162 1288 314 1358 evocatique
322 1286 649 1350 obsecrareCaesarem‚ne
658 1291 787 1341 dubitaret
796 1293 901 1357 siquam

98 1369 176 1417 dure:
195 1368 332 1417 victorium
341 1366 392 1416 ribi
399 1366 535 1429 propriam
549 1381 567 1416 u
579 1367 631 1416 dila
640 1365 828 1417 immortalibus
836 1381 902 1431 por·-

100 1442 179 1492 tertali.
201 1437 340 1491 Dubitante
350 1436 458 1491 Caesare
467 1444 547 1508 atque
561 1454 653 1491 eorum
667 1437 755 1490 studio
768 1438 901 1508 cupidita-

98 1514 172 1583 tique
181 1511 325 1575 resistente,
336 1514 443 1580 sibique,
455 1517 600 1579 irruptione
605 1516 729 1581 pugnari,
736 1529 787 1565 arou
796 1516 902 1580 placere

99 1587 258 1647 clamitante,
274 1593 299 1639 et
308 1586 385 1640 etiam
394 1592 473 1657 atque
483 1587 562 1640 etiarn
572 1588 653 1641 aciem
664 1593 833 1650 sustentante,
853 1605 901 1641 su-

98 1663 153 1716 bito
163 1660 254 1715 dextro
268 1677 359 1727 cornu,
373 1661 477 1715 iniussu
487 1661 615 1726 Caesaris,
628 1660 732 1715 tubicen
744 1678 757 1713 a
768 1661 900 1716 militibus

99 1745 202 1790 coactus
212 1753 303 1790 canere
316 1736 409 1807 eoepit.
430 1735 488 1803 Quo
501 1736 576 1800 iacto,
593 1736 626 1791 ah
641 1736 772 1790 universis
786 1737 903 1790 cohorti-

99 1812 150 1865 bus
160 1812 236 1884 signa
247 1811 272 1865 in
283 1811 384 1865 hostem
394 1827 501 1882 coepere
511 1810 613 1877 inferri3
636 1828 721 1881 quum
735 1812 900 1865 centuriones

98 1894 201 1957 pectore
217 1885 327 1940 adverso
346 1887 495 1940 resisterent
513 1886 594 1957 vique
613 1886 774 1939 continerent
791 1886 898 1952 milites,

100 1979 133 2015 ne
142 1961 247 2016 iniussu
257 1961 621 2032 imperatoriseoncurrerent,
629 1960 831 2032 necquidquam
839 1978 901 2031 pro-

101 2035 215 2090 licerent.

155 2110 302 2163 LXXXIII.
324 2109 400 2175 Quod
414 2119 554 2181 postquam
570 2109 663 2165 Caesar
677 2109 812 2171 intellexit,
834 2109 901 2163 inci-

100 2185 159 2238 tatis
170 2184 285 2237 militum
296 2185 393 2238 animis
404 2186 488 2238 resisti
499 2184 572 2240 nullo
582 2184 660 2239 modo
669 2201 755 2255 posse,
764 2184 841 2257 signo
852 2186 901 2238 Fe-

100 2259 204 2313 licitatis
214 2258 282 2322 dato,
298 2276 366 2330 equo
378 2259 502 2325 admisso,
517 2260 545 2314 in
555 2261 657 2315 hostem
667 2268 756 2314 contra
768 2259 900 2331 principes

100 2335 138 2389 ire
150 2333 289 2389 contendit.
309 2334 332 2389 Α
346 2334 437 2390 dextro
451 2336 555 2390 interim
570 2351 650 2390 eornu
665 2333 810 2388 funditores
820 2336 915 2407 sagit--

100 2412 212 2482 tariique
221 2411 320 2465 concita
332 2410 381 2466 tela
396 2412 422 2466 in
438 2410 590 2484 elephantos
604 2410 753 2482 frequentes
768 2410 899 2464 iniiciunt.

100 2486 158 2551 Quo
170 2484 244 2548 iacto,
260 2486 366 2550 hestiae,
385 2487 494 2542 stridore
509 2486 652 2541 fundarum
667 2485 841 2556 lapidumque
856 2485 903 2539 de-

100 2561 211 2622 territae,
224 2576 280 2613 sese
290 2569 438 2615 convertere
448 2570 472 2615 et
482 2580 543 2616 sues
553 2567 613 2632 post
623 2578 652 2614 se
660 2559 810 2632 frequentes
821 2561 902 2632 stipe·

100 2643 193 2704 tesqua
204 2644 333 2705 proterere
343 2642 367 2690 et
377 2636 404 2689 in
415 2643 502 2705 portas
514 2637 574 2690 valli
588 2635 736 2690 semifactas
751 2653 826 2690 ruere
839 2653 901 2688 con-

101 2708 221 2762 tendunt.
243 2711 306 2763 ltcm
319 2711 402 2764 Mauri
413 2709 523 2780 equites,
540 2711 626 2782 quiin
638 2710 728 2765 eodem
743 2728 825 2765 cornu
840 2728 902 2763 cum

100 2783 246 2854 elephantis
260 2793 342 2849 erant,
364 2784 495 2856 praesidio
512 2785 615 2847 deserti,
638 2786 770 2857 principes
784 2785 901 2858 lugiunt.

102 2859 137 2910 Ita
153 2858 267 2911 celeriter
284 2859 375 2913 bestiis
388 2860 540 2925 circumitis,
561 2860 677 2934 legiones
698 2860 767 2915 vallo
785 2860 902 2914 hostium

101 2940 164 2984 sunt
174 2934 269 3001 potitae
279 2942 312 2998 et,
326 2935 418 3005 paucis
427 2935 520 2989 acriter
530 2935 739 3008 repugnantibus
752 2933 891 2989 interfectis

101 3005 197 3075 reIIqui
215 3009 335 3063 concitati
356 3010 383 3064 in
397 3017 491 3074 eastra,
512 3011 583 3065 unde
601 3011 686 3087 pridie
700 3016 774 3069 erant
792 3010 891 3085 egressi

101 3079 268 3158 confugiunt.
