<?xml version="1.0" encoding="UTF-8"?>
<!DOCTYPE html PUBLIC "-//W3C//DTD XHTML 1.0 Transitional//EN"
    "http://www.w3.org/TR/xhtml1/DTD/xhtml1-transitional.dtd">
<html xmlns="http://www.w3.org/1999/xhtml" xml:lang="en" lang="en">
 <head>
  <title>
</title>
<meta http-equiv="Content-Type" content="text/html;charset=utf-8" />
  <meta name='ocr-system' content='tesseract 3.04.00' />
  <meta name='ocr-capabilities' content='ocr_page ocr_carea ocr_par ocr_line ocrx_word'/>
</head>
<body>
  <div class='ocr_page' id='page_1' title='image "./ciuliicaesarisc00caesgoog_0462.png"; bbox 0 0 1988 3594; ppageno 0'>
   <div class='ocr_carea' id='block_1_1' title="bbox 801 410 885 457">
    <p class='ocr_par' dir='ltr' id='par_1_1' title="bbox 801 410 893 457">
     <span class='ocr_line' id='line_1_1' title="bbox 801 410 885 457; baseline 0.011 -42"><span class='ocrx_word' id='word_1_1' title='bbox 801 410 804 415; x_wconf 95' lang='lat'>.</span> <span class='ocrx_word' id='word_1_2' title='bbox 850 420 885 457; x_wconf 39' lang='grc' dir='ltr'><strong>,ἡ</strong></span> 
     </span>
    </p>
   </div>
   <div class='ocr_carea' id='block_1_2' title="bbox 95 563 688 617">
    <p class='ocr_par' dir='ltr' id='par_1_2' title="bbox 95 563 688 617">
     <span class='ocr_line' id='line_1_2' title="bbox 95 563 688 617; baseline -0.007 0"><span class='ocrx_word' id='word_1_3' title='bbox 95 563 145 617; x_wconf 71' lang='grc'><strong>458</strong></span> <span class='ocrx_word' id='word_1_4' title='bbox 299 569 330 616; x_wconf 79' lang='grc' dir='ltr'><strong>Α.</strong></span> <span class='ocrx_word' id='word_1_5' title='bbox 350 567 479 614; x_wconf 82' lang='lat' dir='ltr'>HIRTII</span> <span class='ocrx_word' id='word_1_6' title='bbox 496 566 546 613; x_wconf 81' lang='lat' dir='ltr'><strong>DE</strong></span> <span class='ocrx_word' id='word_1_7' title='bbox 564 567 688 614; x_wconf 83' lang='lat' dir='ltr'>BELLO</span> 
     </span>
    </p>
   </div>
   <div class='ocr_carea' id='block_1_3' title="bbox 94 665 914 2767">
    <p class='ocr_par' dir='ltr' id='par_1_3' title="bbox 94 665 914 2000">
     <span class='ocr_line' id='line_1_3' title="bbox 94 665 897 741; baseline -0.005 -17"><span class='ocrx_word' id='word_1_8' title='bbox 94 670 146 724; x_wconf 90' lang='lat' dir='ltr'><strong>bus</strong></span> <span class='ocrx_word' id='word_1_9' title='bbox 155 668 293 741; x_wconf 79' lang='lat' dir='ltr'><strong>praesidiis</strong></span> <span class='ocrx_word' id='word_1_10' title='bbox 305 669 423 722; x_wconf 86' lang='lat' dir='ltr'><strong>cohortes</strong></span> <span class='ocrx_word' id='word_1_11' title='bbox 434 667 525 723; x_wconf 79' lang='lat' dir='ltr'>eduxit</span> <span class='ocrx_word' id='word_1_12' title='bbox 537 675 616 739; x_wconf 87' lang='lat' dir='ltr'><strong>atque</strong></span> <span class='ocrx_word' id='word_1_13' title='bbox 630 685 721 722; x_wconf 90' lang='lat' dir='ltr'><strong>omnes</strong></span> <span class='ocrx_word' id='word_1_14' title='bbox 734 682 798 721; x_wconf 85' lang='lat' dir='ltr'><strong>sues</strong></span> <span class='ocrx_word' id='word_1_15' title='bbox 809 665 897 739; x_wconf 67' lang='lat' dir='ltr'><strong>copia</strong></span> 
     </span>
     <span class='ocr_line' id='line_1_4' title="bbox 94 740 896 815; baseline -0.005 -16"><span class='ocrx_word' id='word_1_16' title='bbox 94 744 121 799; x_wconf 92' lang='lat' dir='ltr'><strong>in</strong></span> <span class='ocrx_word' id='word_1_17' title='bbox 133 761 226 815; x_wconf 89' lang='lat' dir='ltr'><strong>campo</strong></span> <span class='ocrx_word' id='word_1_18' title='bbox 237 744 372 798; x_wconf 84' lang='lat' dir='ltr'><strong>instruxit.</strong></span> <span class='ocrx_word' id='word_1_19' title='bbox 393 742 490 814; x_wconf 86' lang='lat' dir='ltr'>Scipio,</span> <span class='ocrx_word' id='word_1_20' title='bbox 505 743 562 798; x_wconf 87' lang='lat' dir='ltr'><strong>suis</strong></span> <span class='ocrx_word' id='word_1_21' title='bbox 573 742 641 798; x_wconf 90' lang='lat' dir='ltr'><strong>male</strong></span> <span class='ocrx_word' id='word_1_22' title='bbox 656 741 780 813; x_wconf 88' lang='lat' dir='ltr'><strong>acceptis,</strong></span> <span class='ocrx_word' id='word_1_23' title='bbox 792 740 896 807; x_wconf 83' lang='lat' dir='ltr'><strong>occisis,</strong></span> 
     </span>
     <span class='ocr_line' id='line_1_5' title="bbox 94 815 897 890; baseline -0.004 -16"><span class='ocrx_word' id='word_1_24' title='bbox 94 819 352 890; x_wconf 88' lang='lat' dir='ltr'><strong>convulneratisque,</strong></span> <span class='ocrx_word' id='word_1_25' title='bbox 375 818 443 873; x_wconf 88' lang='lat' dir='ltr'><strong>intra</strong></span> <span class='ocrx_word' id='word_1_26' title='bbox 462 835 525 872; x_wconf 91' lang='lat' dir='ltr'><strong>suas</strong></span> <span class='ocrx_word' id='word_1_27' title='bbox 544 818 677 872; x_wconf 87' lang='lat' dir='ltr'><strong>continere</strong></span> <span class='ocrx_word' id='word_1_28' title='bbox 690 834 719 871; x_wconf 89' lang='lat' dir='ltr'><strong>so</strong></span> <span class='ocrx_word' id='word_1_29' title='bbox 736 815 897 871; x_wconf 76' lang='lat' dir='ltr'><strong>munitiones</strong></span> 
     </span>
     <span class='ocr_line' id='line_1_6' title="bbox 94 889 897 976; baseline -0.006 -27"><span class='ocrx_word' id='word_1_30' title='bbox 94 894 187 965; x_wconf 91' lang='lat' dir='ltr'><strong>coepit.</strong></span> <span class='ocrx_word' id='word_1_31' title='bbox 209 893 312 959; x_wconf 89' lang='lat' dir='ltr'><strong>Caesar,</strong></span> <span class='ocrx_word' id='word_1_32' title='bbox 336 895 462 948; x_wconf 82' lang='lat' dir='ltr'><strong>instructa</strong></span> <span class='ocrx_word' id='word_1_33' title='bbox 477 893 540 957; x_wconf 86' lang='lat' dir='ltr'><strong>acic,</strong></span> <span class='ocrx_word' id='word_1_34' title='bbox 558 892 705 948; x_wconf 89' lang='lat' dir='ltr'><strong>secuudum</strong></span> <span class='ocrx_word' id='word_1_35' title='bbox 720 890 828 946; x_wconf 88' lang='lat' dir='ltr'><strong>infimas</strong></span> <span class='ocrx_word' id='word_1_36' title='bbox 842 889 897 976; x_wconf 65' lang='lat' dir='ltr'><strong>iugi</strong></span> 
     </span>
     <span class='ocr_line' id='line_1_7' title="bbox 95 967 898 1039; baseline -0.005 -16"><span class='ocrx_word' id='word_1_37' title='bbox 95 969 204 1032; x_wconf 88' lang='lat' dir='ltr'><strong>radices,</strong></span> <span class='ocrx_word' id='word_1_38' title='bbox 213 969 322 1039; x_wconf 88' lang='lat' dir='ltr'><strong>propius</strong></span> <span class='ocrx_word' id='word_1_39' title='bbox 332 969 493 1022; x_wconf 82' lang='lat' dir='ltr'><strong>munitiones</strong></span> <span class='ocrx_word' id='word_1_40' title='bbox 504 967 596 1022; x_wconf 87' lang='lat' dir='ltr'><strong>leniter</strong></span> <span class='ocrx_word' id='word_1_41' title='bbox 603 967 717 1022; x_wconf 89' lang='lat' dir='ltr'><strong>accessit.</strong></span> <span class='ocrx_word' id='word_1_42' title='bbox 728 968 840 1038; x_wconf 87' lang='lat' dir='ltr'><strong>Iamque</strong></span> <span class='ocrx_word' id='word_1_43' title='bbox 848 982 898 1019; x_wconf 85' lang='lat' dir='ltr'><strong>mr-</strong></span> 
     </span>
     <span class='ocr_line' id='line_1_8' title="bbox 95 1040 901 1114; baseline -0.004 -16"><span class='ocrx_word' id='word_1_44' title='bbox 95 1062 147 1099; x_wconf 91' lang='lat' dir='ltr'><strong>nus</strong></span> <span class='ocrx_word' id='word_1_45' title='bbox 160 1043 232 1097; x_wconf 89' lang='lat' dir='ltr'><strong>mille</strong></span> <span class='ocrx_word' id='word_1_46' title='bbox 244 1060 371 1114; x_wconf 83' lang='lat' dir='ltr'>passuum</span> <span class='ocrx_word' id='word_1_47' title='bbox 386 1043 419 1096; x_wconf 89' lang='lat' dir='ltr'><strong>ab</strong></span> <span class='ocrx_word' id='word_1_48' title='bbox 433 1041 530 1113; x_wconf 93' lang='lat' dir='ltr'><strong>oppido</strong></span> <span class='ocrx_word' id='word_1_49' title='bbox 541 1043 623 1106; x_wconf 86' lang='lat' dir='ltr'><strong>Uzita,</strong></span> <span class='ocrx_word' id='word_1_50' title='bbox 640 1040 713 1113; x_wconf 94' lang='lat' dir='ltr'><strong>quod</strong></span> <span class='ocrx_word' id='word_1_51' title='bbox 725 1040 814 1112; x_wconf 88' lang='lat' dir='ltr'>Scipio</span> <span class='ocrx_word' id='word_1_52' title='bbox 827 1047 901 1095; x_wconf 83' lang='lat' dir='ltr'><strong>tane·</strong></span> 
     </span>
     <span class='ocr_line' id='line_1_9' title="bbox 95 1115 901 1190; baseline -0.004 -17"><span class='ocrx_word' id='word_1_53' title='bbox 95 1118 148 1183; x_wconf 87' lang='lat' dir='ltr'><strong>het,</strong></span> <span class='ocrx_word' id='word_1_54' title='bbox 162 1118 270 1172; x_wconf 87' lang='lat' dir='ltr'><strong>aberant</strong></span> <span class='ocrx_word' id='word_1_55' title='bbox 279 1117 395 1190; x_wconf 79' lang='lat' dir='ltr'>legiones</span> <span class='ocrx_word' id='word_1_56' title='bbox 405 1117 530 1182; x_wconf 84' lang='lat' dir='ltr'><strong>Iulianae,</strong></span> <span class='ocrx_word' id='word_1_57' title='bbox 542 1134 627 1188; x_wconf 91' lang='lat' dir='ltr'><strong>quum</strong></span> <span class='ocrx_word' id='word_1_58' title='bbox 635 1115 733 1188; x_wconf 85' lang='lat' dir='ltr'><strong>Scipio,</strong></span> <span class='ocrx_word' id='word_1_59' title='bbox 744 1115 856 1181; x_wconf 85' lang='lat' dir='ltr'><strong>veritus,</strong></span> <span class='ocrx_word' id='word_1_60' title='bbox 867 1131 901 1171; x_wconf 81' lang='lat' dir='ltr'><strong>no</strong></span> 
     </span>
     <span class='ocr_line' id='line_1_10' title="bbox 96 1189 901 1265; baseline -0.002 -18"><span class='ocrx_word' id='word_1_61' title='bbox 96 1193 225 1265; x_wconf 91' lang='lat' dir='ltr'><strong>oppidum</strong></span> <span class='ocrx_word' id='word_1_62' title='bbox 236 1193 372 1257; x_wconf 88' lang='lat' dir='ltr'><strong>amitteret,</strong></span> <span class='ocrx_word' id='word_1_63' title='bbox 384 1192 456 1247; x_wconf 90' lang='lat' dir='ltr'><strong>unde</strong></span> <span class='ocrx_word' id='word_1_64' title='bbox 465 1193 558 1264; x_wconf 89' lang='lat' dir='ltr'><strong>aquari</strong></span> <span class='ocrx_word' id='word_1_65' title='bbox 569 1191 733 1263; x_wconf 85' lang='lat' dir='ltr'><strong>reliquisque</strong></span> <span class='ocrx_word' id='word_1_66' title='bbox 743 1191 825 1245; x_wconf 87' lang='lat' dir='ltr'><strong>rebus</strong></span> <span class='ocrx_word' id='word_1_67' title='bbox 835 1189 901 1245; x_wconf 84' lang='lat' dir='ltr'><strong>suh-</strong></span> 
     </span>
     <span class='ocr_line' id='line_1_11' title="bbox 97 1264 899 1338; baseline 0 -18"><span class='ocrx_word' id='word_1_68' title='bbox 97 1267 179 1322; x_wconf 84' lang='lat' dir='ltr'><strong>levari</strong></span> <span class='ocrx_word' id='word_1_69' title='bbox 189 1267 247 1322; x_wconf 87' lang='lat' dir='ltr'><strong>eius</strong></span> <span class='ocrx_word' id='word_1_70' title='bbox 258 1267 388 1322; x_wconf 87' lang='lat' dir='ltr'><strong>exercitus</strong></span> <span class='ocrx_word' id='word_1_71' title='bbox 398 1277 544 1331; x_wconf 89' lang='lat' dir='ltr'><strong>consuerat,</strong></span> <span class='ocrx_word' id='word_1_72' title='bbox 560 1267 660 1322; x_wconf 83' lang='lat' dir='ltr'><strong>eductis</strong></span> <span class='ocrx_word' id='word_1_73' title='bbox 670 1265 797 1321; x_wconf 85' lang='lat' dir='ltr'><strong>omuibus</strong></span> <span class='ocrx_word' id='word_1_74' title='bbox 806 1264 899 1338; x_wconf 80' lang='lat' dir='ltr'><strong>copiis,</strong></span> 
     </span>
     <span class='ocr_line' id='line_1_12' title="bbox 97 1341 902 1414; baseline -0.001 -16"><span class='ocrx_word' id='word_1_75' title='bbox 97 1341 266 1414; x_wconf 83' lang='lat' dir='ltr'><strong>quadruplici</strong></span> <span class='ocrx_word' id='word_1_76' title='bbox 276 1343 330 1397; x_wconf 86' lang='lat' dir='ltr'><strong>acie</strong></span> <span class='ocrx_word' id='word_1_77' title='bbox 344 1343 470 1397; x_wconf 89' lang='lat' dir='ltr'><strong>instructa</strong></span> <span class='ocrx_word' id='word_1_78' title='bbox 481 1359 514 1397; x_wconf 90' lang='lat' dir='ltr'><strong>ex</strong></span> <span class='ocrx_word' id='word_1_79' title='bbox 524 1343 644 1398; x_wconf 91' lang='lat' dir='ltr'><strong>instituto</strong></span> <span class='ocrx_word' id='word_1_80' title='bbox 653 1358 711 1407; x_wconf 86' lang='lat' dir='ltr'><strong>suo,</strong></span> <span class='ocrx_word' id='word_1_81' title='bbox 724 1342 812 1413; x_wconf 84' lang='lat' dir='ltr'><strong>prima</strong></span> <span class='ocrx_word' id='word_1_82' title='bbox 821 1356 902 1414; x_wconf 87' lang='lat' dir='ltr'><strong>equa-</strong></span> 
     </span>
     <span class='ocr_line' id='line_1_13' title="bbox 97 1414 902 1490; baseline -0.001 -19"><span class='ocrx_word' id='word_1_83' title='bbox 97 1419 144 1472; x_wconf 87' lang='lat' dir='ltr'><strong>stri</strong></span> <span class='ocrx_word' id='word_1_84' title='bbox 156 1418 290 1471; x_wconf 81' lang='lat' dir='ltr'><strong>turmatim</strong></span> <span class='ocrx_word' id='word_1_85' title='bbox 302 1416 409 1483; x_wconf 87' lang='lat' dir='ltr'><strong>direota,</strong></span> <span class='ocrx_word' id='word_1_86' title='bbox 421 1416 620 1490; x_wconf 86' lang='lat' dir='ltr'><strong>elephantisque</strong></span> <span class='ocrx_word' id='word_1_87' title='bbox 628 1417 730 1472; x_wconf 91' lang='lat' dir='ltr'><strong>turritis</strong></span> <span class='ocrx_word' id='word_1_88' title='bbox 739 1414 902 1488; x_wconf 81' lang='lat' dir='ltr'><strong>interpositis</strong></span> 
     </span>
     <span class='ocr_line' id='line_1_14' title="bbox 99 1491 914 1564; baseline 0.001 -18"><span class='ocrx_word' id='word_1_89' title='bbox 99 1493 269 1564; x_wconf 85' lang='lat' dir='ltr'><strong>armatisque,</strong></span> <span class='ocrx_word' id='word_1_90' title='bbox 293 1493 427 1563; x_wconf 88' lang='lat' dir='ltr'><strong>suppetias</strong></span> <span class='ocrx_word' id='word_1_91' title='bbox 440 1492 478 1546; x_wconf 91' lang='lat' dir='ltr'><strong>ire</strong></span> <span class='ocrx_word' id='word_1_92' title='bbox 492 1493 633 1547; x_wconf 78' lang='lat' dir='ltr'><strong>contendit.</strong></span> <span class='ocrx_word' id='word_1_93' title='bbox 655 1491 732 1559; x_wconf 88' lang='lat' dir='ltr'><strong>Quod</strong></span> <span class='ocrx_word' id='word_1_94' title='bbox 744 1492 793 1547; x_wconf 88' lang='lat' dir='ltr'><strong>uhi</strong></span> <span class='ocrx_word' id='word_1_95' title='bbox 808 1491 914 1547; x_wconf 78' lang='lat' dir='ltr'><strong>Caesar·</strong></span> 
     </span>
     <span class='ocr_line' id='line_1_15' title="bbox 98 1566 904 1641; baseline 0 -19"><span class='ocrx_word' id='word_1_96' title='bbox 98 1567 292 1632; x_wconf 86' lang='lat' dir='ltr'><strong>animadvertit,</strong></span> <span class='ocrx_word' id='word_1_97' title='bbox 301 1567 451 1632; x_wconf 83' lang='lat' dir='ltr'><strong>arbitratus,</strong></span> <span class='ocrx_word' id='word_1_98' title='bbox 459 1567 608 1640; x_wconf 88' lang='lat' dir='ltr'><strong>Scipionem</strong></span> <span class='ocrx_word' id='word_1_99' title='bbox 619 1566 651 1622; x_wconf 89' lang='lat' dir='ltr'><strong>ad</strong></span> <span class='ocrx_word' id='word_1_100' title='bbox 661 1566 845 1622; x_wconf 87' lang='lat' dir='ltr'><strong>dimicandum</strong></span> <span class='ocrx_word' id='word_1_101' title='bbox 856 1584 904 1641; x_wconf 90' lang='lat' dir='ltr'><strong>pa-</strong></span> 
     </span>
     <span class='ocr_line' id='line_1_16' title="bbox 98 1640 914 1714; baseline 0.004 -17"><span class='ocrx_word' id='word_1_102' title='bbox 98 1651 186 1698; x_wconf 88' lang='lat' dir='ltr'><strong>ratum</strong></span> <span class='ocrx_word' id='word_1_103' title='bbox 197 1641 230 1697; x_wconf 88' lang='lat' dir='ltr'><strong>ad</strong></span> <span class='ocrx_word' id='word_1_104' title='bbox 238 1660 267 1697; x_wconf 88' lang='lat' dir='ltr'><strong>se</strong></span> <span class='ocrx_word' id='word_1_105' title='bbox 279 1649 348 1698; x_wconf 87' lang='lat' dir='ltr'><strong>certo</strong></span> <span class='ocrx_word' id='word_1_106' title='bbox 362 1643 452 1699; x_wconf 89' lang='lat' dir='ltr'><strong>anirno</strong></span> <span class='ocrx_word' id='word_1_107' title='bbox 465 1643 564 1708; x_wconf 87' lang='lat' dir='ltr'><strong>venire,</strong></span> <span class='ocrx_word' id='word_1_108' title='bbox 586 1643 613 1698; x_wconf 93' lang='lat' dir='ltr'><strong>in</strong></span> <span class='ocrx_word' id='word_1_109' title='bbox 624 1659 654 1698; x_wconf 90' lang='lat' dir='ltr'><strong>oo</strong></span> <span class='ocrx_word' id='word_1_110' title='bbox 664 1642 728 1707; x_wconf 91' lang='lat' dir='ltr'><strong>loco,</strong></span> <span class='ocrx_word' id='word_1_111' title='bbox 745 1658 801 1714; x_wconf 93' lang='lat' dir='ltr'><strong>quo</strong></span> <span class='ocrx_word' id='word_1_112' title='bbox 812 1640 914 1714; x_wconf 85' lang='lat' dir='ltr'><strong>paullo&#39;.</strong></span> 
     </span>
     <span class='ocr_line' id='line_1_17' title="bbox 99 1717 906 1790; baseline -0.001 -16"><span class='ocrx_word' id='word_1_113' title='bbox 99 1726 159 1774; x_wconf 88' lang='lat' dir='ltr'><strong>ante</strong></span> <span class='ocrx_word' id='word_1_114' title='bbox 176 1718 390 1784; x_wconf 90' lang='lat' dir='ltr'><strong>commemoravi,</strong></span> <span class='ocrx_word' id='word_1_115' title='bbox 413 1727 473 1774; x_wconf 89' lang='lat' dir='ltr'><strong>ante</strong></span> <span class='ocrx_word' id='word_1_116' title='bbox 491 1717 619 1790; x_wconf 91' lang='lat' dir='ltr'><strong>oppidum</strong></span> <span class='ocrx_word' id='word_1_117' title='bbox 637 1717 753 1787; x_wconf 82' lang='lat' dir='ltr'><strong>constitit</strong></span> <span class='ocrx_word' id='word_1_118' title='bbox 771 1734 906 1790; x_wconf 72' lang='lat' dir='ltr'><strong>suamque,</strong></span> 
     </span>
     <span class='ocr_line' id='line_1_18' title="bbox 98 1793 904 1867; baseline 0.001 -19"><span class='ocrx_word' id='word_1_119' title='bbox 98 1794 181 1848; x_wconf 86' lang='lat' dir='ltr'><strong>aciem</strong></span> <span class='ocrx_word' id='word_1_120' title='bbox 192 1793 307 1848; x_wconf 89' lang='lat' dir='ltr'><strong>mediam</strong></span> <span class='ocrx_word' id='word_1_121' title='bbox 319 1811 350 1849; x_wconf 89' lang='lat' dir='ltr'><strong>eo</strong></span> <span class='ocrx_word' id='word_1_122' title='bbox 361 1793 459 1866; x_wconf 93' lang='lat' dir='ltr'><strong>oppido</strong></span> <span class='ocrx_word' id='word_1_123' title='bbox 473 1794 551 1863; x_wconf 84' lang='lat' dir='ltr'><strong>texit;</strong></span> <span class='ocrx_word' id='word_1_124' title='bbox 572 1793 696 1849; x_wconf 84' lang='lat' dir='ltr'><strong>dextrum</strong></span> <span class='ocrx_word' id='word_1_125' title='bbox 710 1793 904 1867; x_wconf 80' lang='lat' dir='ltr'><strong>sinistrumque</strong></span> 
     </span>
     <span class='ocr_line' id='line_1_19' title="bbox 100 1868 905 1941; baseline 0.002 -18"><span class='ocrx_word' id='word_1_126' title='bbox 100 1886 192 1935; x_wconf 90' lang='lat' dir='ltr'><strong>cornu,</strong></span> <span class='ocrx_word' id='word_1_127' title='bbox 205 1869 252 1924; x_wconf 92' lang='lat' dir='ltr'><strong>uhi</strong></span> <span class='ocrx_word' id='word_1_128' title='bbox 261 1869 393 1941; x_wconf 86' lang='lat' dir='ltr'><strong>elephanti</strong></span> <span class='ocrx_word' id='word_1_129' title='bbox 403 1877 487 1936; x_wconf 87' lang='lat' dir='ltr'><strong>erant,</strong></span> <span class='ocrx_word' id='word_1_130' title='bbox 502 1869 531 1924; x_wconf 91' lang='lat' dir='ltr'><strong>in</strong></span> <span class='ocrx_word' id='word_1_131' title='bbox 543 1875 683 1941; x_wconf 86' lang='lat' dir='ltr'><strong>conspectu</strong></span> <span class='ocrx_word' id='word_1_132' title='bbox 697 1868 795 1940; x_wconf 82' lang='lat' dir='ltr'><strong>patenti</strong></span> <span class='ocrx_word' id='word_1_133' title='bbox 810 1868 905 1925; x_wconf 87' lang='lat' dir='ltr'><strong>adver-</strong></span> 
     </span>
     <span class='ocr_line' id='line_1_20' title="bbox 100 1944 903 2000; baseline 0.009 -2"><span class='ocrx_word' id='word_1_134' title='bbox 100 1944 230 1999; x_wconf 86' lang='lat' dir='ltr'><strong>sariorum</strong></span> <span class='ocrx_word' id='word_1_135' title='bbox 240 1945 364 2000; x_wconf 88' lang='lat' dir='ltr'><strong>constitit.</strong></span> <span class='ocrx_word' id='word_1_136' title='bbox 900 1952 903 1957; x_wconf 84' lang='lat'>&#39;</span> 
     </span>
    </p>

    <p class='ocr_par' dir='ltr' id='par_1_4' title="bbox 101 2017 911 2767">
     <span class='ocr_line' id='line_1_21' title="bbox 155 2017 907 2093; baseline -0.001 -19"><span class='ocrx_word' id='word_1_137' title='bbox 155 2019 238 2074; x_wconf 87' lang='lat' dir='ltr'>XLII.</span> <span class='ocrx_word' id='word_1_138' title='bbox 259 2019 347 2086; x_wconf 87' lang='lat' dir='ltr'><strong>Quum</strong></span> <span class='ocrx_word' id='word_1_139' title='bbox 360 2020 412 2075; x_wconf 91' lang='lat' dir='ltr'><strong>iarn</strong></span> <span class='ocrx_word' id='word_1_140' title='bbox 421 2036 503 2093; x_wconf 88' lang='lat' dir='ltr'><strong>prope</strong></span> <span class='ocrx_word' id='word_1_141' title='bbox 509 2017 907 2091; x_wconf 84' lang='lat' dir='ltr'><strong>solisoocasumCaesarexspe·</strong></span> 
     </span>
     <span class='ocr_line' id='line_1_22' title="bbox 101 2093 906 2167; baseline 0.002 -20"><span class='ocrx_word' id='word_1_142' title='bbox 101 2095 233 2158; x_wconf 88' lang='lat' dir='ltr'><strong>ctavisset,</strong></span> <span class='ocrx_word' id='word_1_143' title='bbox 250 2112 417 2167; x_wconf 87' lang='lat' dir='ltr'><strong>nequecxso</strong></span> <span class='ocrx_word' id='word_1_144' title='bbox 427 2095 492 2160; x_wconf 93' lang='lat' dir='ltr'><strong>loco,</strong></span> <span class='ocrx_word' id='word_1_145' title='bbox 513 2112 569 2167; x_wconf 92' lang='lat' dir='ltr'><strong>quo</strong></span> <span class='ocrx_word' id='word_1_146' title='bbox 579 2094 738 2160; x_wconf 87' lang='lat' dir='ltr'><strong>constiterat,</strong></span> <span class='ocrx_word' id='word_1_147' title='bbox 755 2093 906 2165; x_wconf 84' lang='lat' dir='ltr'><strong>Scipionem</strong></span> 
     </span>
     <span class='ocr_line' id='line_1_23' title="bbox 102 2168 910 2243; baseline 0.004 -21"><span class='ocrx_word' id='word_1_148' title='bbox 102 2168 224 2242; x_wconf 77' lang='lat' dir='ltr'><strong>progredi</strong></span> <span class='ocrx_word' id='word_1_149' title='bbox 234 2169 344 2239; x_wconf 91' lang='lat' dir='ltr'><strong>propius</strong></span> <span class='ocrx_word' id='word_1_150' title='bbox 358 2186 388 2224; x_wconf 88' lang='lat' dir='ltr'><strong>se</strong></span> <span class='ocrx_word' id='word_1_151' title='bbox 400 2169 637 2234; x_wconf 86' lang='lat' dir='ltr'><strong>animadvertisset,</strong></span> <span class='ocrx_word' id='word_1_152' title='bbox 654 2168 764 2242; x_wconf 84' lang='lat' dir='ltr'><strong>locoque</strong></span> <span class='ocrx_word' id='word_1_153' title='bbox 776 2169 865 2243; x_wconf 78' lang='lat' dir='ltr'><strong>magis</strong></span> <span class='ocrx_word' id='word_1_154' title='bbox 879 2184 910 2225; x_wconf 77' lang='lat' dir='ltr'><strong>se,</strong></span> 
     </span>
     <span class='ocr_line' id='line_1_24' title="bbox 102 2241 908 2317; baseline 0.001 -19"><span class='ocrx_word' id='word_1_155' title='bbox 102 2241 249 2307; x_wconf 85' lang='lat' dir='ltr'><strong>defendere,</strong></span> <span class='ocrx_word' id='word_1_156' title='bbox 270 2243 294 2297; x_wconf 88' lang='lat' dir='ltr'><strong>si</strong></span> <span class='ocrx_word' id='word_1_157' title='bbox 304 2261 345 2298; x_wconf 88' lang='lat' dir='ltr'><strong>res</strong></span> <span class='ocrx_word' id='word_1_158' title='bbox 359 2244 495 2316; x_wconf 76' lang='lat' dir='ltr'><strong>coegisset,</strong></span> <span class='ocrx_word' id='word_1_159' title='bbox 516 2262 598 2316; x_wconf 88' lang='lat' dir='ltr'><strong>quam</strong></span> <span class='ocrx_word' id='word_1_160' title='bbox 609 2245 636 2299; x_wconf 92' lang='lat' dir='ltr'><strong>in</strong></span> <span class='ocrx_word' id='word_1_161' title='bbox 647 2261 741 2317; x_wconf 87' lang='lat' dir='ltr'><strong>campo</strong></span> <span class='ocrx_word' id='word_1_162' title='bbox 754 2244 908 2299; x_wconf 86' lang='lat' dir='ltr'><strong>comminus</strong></span> 
     </span>
     <span class='ocr_line' id='line_1_25' title="bbox 102 2317 907 2393; baseline -0.001 -19"><span class='ocrx_word' id='word_1_163' title='bbox 102 2318 244 2374; x_wconf 87' lang='lat' dir='ltr'><strong>consistere</strong></span> <span class='ocrx_word' id='word_1_164' title='bbox 255 2318 364 2387; x_wconf 84' lang='lat' dir='ltr'><strong>audera;</strong></span> <span class='ocrx_word' id='word_1_165' title='bbox 386 2335 439 2373; x_wconf 92' lang='lat' dir='ltr'><strong>non</strong></span> <span class='ocrx_word' id='word_1_166' title='bbox 453 2326 493 2374; x_wconf 90' lang='lat' dir='ltr'><strong>est</strong></span> <span class='ocrx_word' id='word_1_167' title='bbox 504 2319 562 2375; x_wconf 83' lang='lat' dir='ltr'><strong>visa</strong></span> <span class='ocrx_word' id='word_1_168' title='bbox 573 2320 638 2374; x_wconf 91' lang='lat' dir='ltr'><strong>ratio</strong></span> <span class='ocrx_word' id='word_1_169' title='bbox 646 2320 756 2393; x_wconf 86' lang='lat' dir='ltr'><strong>propius</strong></span> <span class='ocrx_word' id='word_1_170' title='bbox 766 2317 907 2375; x_wconf 83' lang='lat' dir='ltr'><strong>accedendi</strong></span> 
     </span>
     <span class='ocr_line' id='line_1_26' title="bbox 103 2393 909 2468; baseline 0 -18"><span class='ocrx_word' id='word_1_171' title='bbox 103 2411 133 2450; x_wconf 90' lang='lat' dir='ltr'><strong>eo</strong></span> <span class='ocrx_word' id='word_1_172' title='bbox 141 2393 185 2449; x_wconf 88' lang='lat' dir='ltr'><strong>die</strong></span> <span class='ocrx_word' id='word_1_173' title='bbox 194 2393 227 2449; x_wconf 89' lang='lat' dir='ltr'><strong>ad</strong></span> <span class='ocrx_word' id='word_1_174' title='bbox 237 2393 374 2466; x_wconf 89' lang='lat' dir='ltr'><strong>oppidum,</strong></span> <span class='ocrx_word' id='word_1_175' title='bbox 387 2394 516 2466; x_wconf 87' lang='lat' dir='ltr'><strong>quoniam</strong></span> <span class='ocrx_word' id='word_1_176' title='bbox 526 2395 564 2453; x_wconf 91' lang='lat' dir='ltr'><strong>ihi</strong></span> <span class='ocrx_word' id='word_1_177' title='bbox 573 2395 735 2466; x_wconf 88' lang='lat' dir='ltr'><strong>praesidium</strong></span> <span class='ocrx_word' id='word_1_178' title='bbox 744 2393 909 2468; x_wconf 80' lang='lat' dir='ltr'><strong>grandeNu·</strong></span> 
     </span>
     <span class='ocr_line' id='line_1_27' title="bbox 104 2469 907 2544; baseline 0 -19"><span class='ocrx_word' id='word_1_179' title='bbox 104 2470 237 2525; x_wconf 88' lang='lat' dir='ltr'><strong>midarum</strong></span> <span class='ocrx_word' id='word_1_180' title='bbox 256 2486 313 2524; x_wconf 88' lang='lat' dir='ltr'><strong>esse</strong></span> <span class='ocrx_word' id='word_1_181' title='bbox 332 2478 503 2544; x_wconf 84' lang='lat' dir='ltr'><strong>cognoverat,</strong></span> <span class='ocrx_word' id='word_1_182' title='bbox 527 2471 670 2542; x_wconf 89' lang='lat' dir='ltr'><strong>hostesque</strong></span> <span class='ocrx_word' id='word_1_183' title='bbox 688 2470 803 2525; x_wconf 90' lang='lat' dir='ltr'><strong>mediam</strong></span> <span class='ocrx_word' id='word_1_184' title='bbox 824 2469 907 2525; x_wconf 88' lang='lat' dir='ltr'><strong>aciem</strong></span> 
     </span>
     <span class='ocr_line' id='line_1_28' title="bbox 103 2543 911 2617; baseline 0 -17"><span class='ocrx_word' id='word_1_185' title='bbox 103 2562 179 2600; x_wconf 85' lang='lat' dir='ltr'><strong>suam</strong></span> <span class='ocrx_word' id='word_1_186' title='bbox 190 2543 287 2616; x_wconf 91' lang='lat' dir='ltr'><strong>oppido</strong></span> <span class='ocrx_word' id='word_1_187' title='bbox 297 2545 406 2614; x_wconf 82' lang='lat' dir='ltr'><strong>texisse;</strong></span> <span class='ocrx_word' id='word_1_188' title='bbox 428 2546 534 2617; x_wconf 88' lang='lat' dir='ltr'><strong>sibique</strong></span> <span class='ocrx_word' id='word_1_189' title='bbox 543 2545 650 2601; x_wconf 82' lang='lat' dir='ltr'><strong>difficile</strong></span> <span class='ocrx_word' id='word_1_190' title='bbox 660 2544 729 2600; x_wconf 83' lang='lat' dir='ltr'><strong>lactu</strong></span> <span class='ocrx_word' id='word_1_191' title='bbox 739 2543 911 2600; x_wconf 78' lang='lat' dir='ltr'><strong>esseiutelle-</strong></span> 
     </span>
     <span class='ocr_line' id='line_1_29' title="bbox 104 2618 910 2694; baseline 0.001 -20"><span class='ocrx_word' id='word_1_192' title='bbox 104 2621 152 2684; x_wconf 85' lang='lat' dir='ltr'><strong>xit,</strong></span> <span class='ocrx_word' id='word_1_193' title='bbox 161 2619 241 2673; x_wconf 89' lang='lat' dir='ltr'><strong>simul</strong></span> <span class='ocrx_word' id='word_1_194' title='bbox 252 2627 276 2673; x_wconf 90' lang='lat' dir='ltr'><strong>et</strong></span> <span class='ocrx_word' id='word_1_195' title='bbox 285 2620 412 2691; x_wconf 90' lang='lat' dir='ltr'><strong>oppidum</strong></span> <span class='ocrx_word' id='word_1_196' title='bbox 423 2638 478 2675; x_wconf 94' lang='lat' dir='ltr'><strong>uno</strong></span> <span class='ocrx_word' id='word_1_197' title='bbox 487 2628 603 2692; x_wconf 89' lang='lat' dir='ltr'><strong>tempore</strong></span> <span class='ocrx_word' id='word_1_198' title='bbox 612 2637 777 2694; x_wconf 81' lang='lat' dir='ltr'><strong>oppugnare,</strong></span> <span class='ocrx_word' id='word_1_199' title='bbox 785 2626 810 2674; x_wconf 91' lang='lat' dir='ltr'><strong>et</strong></span> <span class='ocrx_word' id='word_1_200' title='bbox 819 2619 846 2674; x_wconf 91' lang='lat' dir='ltr'><strong>in</strong></span> <span class='ocrx_word' id='word_1_201' title='bbox 855 2618 910 2675; x_wconf 87' lang='lat' dir='ltr'><strong>acie</strong></span> 
     </span>
     <span class='ocr_line' id='line_1_30' title="bbox 104 2693 908 2767; baseline 0.002 -19"><span class='ocrx_word' id='word_1_202' title='bbox 104 2694 133 2748; x_wconf 93' lang='lat' dir='ltr'><strong>in</strong></span> <span class='ocrx_word' id='word_1_203' title='bbox 148 2711 230 2748; x_wconf 87' lang='lat' dir='ltr'><strong>cornu</strong></span> <span class='ocrx_word' id='word_1_204' title='bbox 249 2693 341 2749; x_wconf 87' lang='lat' dir='ltr'><strong>dextro</strong></span> <span class='ocrx_word' id='word_1_205' title='bbox 354 2713 383 2749; x_wconf 90' lang='lat' dir='ltr'><strong>ac</strong></span> <span class='ocrx_word' id='word_1_206' title='bbox 397 2695 504 2751; x_wconf 88' lang='lat' dir='ltr'><strong>sinistro</strong></span> <span class='ocrx_word' id='word_1_207' title='bbox 514 2713 547 2750; x_wconf 88' lang='lat' dir='ltr'><strong>ex</strong></span> <span class='ocrx_word' id='word_1_208' title='bbox 560 2696 692 2767; x_wconf 88' lang='lat' dir='ltr'><strong>iniquiore</strong></span> <span class='ocrx_word' id='word_1_209' title='bbox 705 2695 760 2750; x_wconf 91' lang='lat' dir='ltr'><strong>loco</strong></span> <span class='ocrx_word' id='word_1_210' title='bbox 778 2695 908 2767; x_wconf 79' lang='lat' dir='ltr'><strong>pugnare,</strong></span> 
     </span>
    </p>
   </div>
   <div class='ocr_carea' id='block_1_4' title="bbox 106 2843 912 3050">
    <p class='ocr_par' dir='ltr' id='par_1_5' title="bbox 106 2843 912 3050">
     <span class='ocr_line' id='line_1_31' title="bbox 106 2843 909 2918; baseline 0.002 -21"><span class='ocrx_word' id='word_1_211' title='bbox 106 2845 238 2898; x_wconf 82' lang='lat' dir='ltr'><strong>stetissent</strong></span> <span class='ocrx_word' id='word_1_212' title='bbox 247 2843 388 2918; x_wconf 77' lang='lat' dir='ltr'><strong>defatigati.</strong></span> <span class='ocrx_word' id='word_1_213' title='bbox 402 2848 494 2918; x_wconf 90' lang='lat' dir='ltr'><strong>ltaque</strong></span> <span class='ocrx_word' id='word_1_214' title='bbox 503 2846 617 2901; x_wconf 86' lang='lat' dir='ltr'><strong>reductis</strong></span> <span class='ocrx_word' id='word_1_215' title='bbox 627 2845 683 2900; x_wconf 92' lang='lat' dir='ltr'><strong>suis</strong></span> <span class='ocrx_word' id='word_1_216' title='bbox 693 2844 909 2916; x_wconf 85' lang='lat' dir='ltr'><strong>copiisincastra,</strong></span> 
     </span>
     <span class='ocr_line' id='line_1_32' title="bbox 106 2918 912 3006; baseline 0.001 -33"><span class='ocrx_word' id='word_1_217' title='bbox 106 2927 211 3006; x_wconf 79' lang='lat' dir='ltr'><strong>postero</strong></span> <span class='ocrx_word' id='word_1_218' title='bbox 223 2918 266 2973; x_wconf 89' lang='lat' dir='ltr'><strong>die</strong></span> <span class='ocrx_word' id='word_1_219' title='bbox 278 2921 388 3000; x_wconf 75' lang='lat' dir='ltr'><strong>propius</strong></span> <span class='ocrx_word' id='word_1_220' title='bbox 401 2939 492 2976; x_wconf 87' lang='lat' dir='ltr'><strong>eorum</strong></span> <span class='ocrx_word' id='word_1_221' title='bbox 508 2921 592 2976; x_wconf 88' lang='lat' dir='ltr'><strong>aciem</strong></span> <span class='ocrx_word' id='word_1_222' title='bbox 610 2920 724 2975; x_wconf 88' lang='lat' dir='ltr'><strong>instituit</strong></span> <span class='ocrx_word' id='word_1_223' title='bbox 743 2920 912 2994; x_wconf 82' lang='lat' dir='ltr'><strong>exporrigera</strong></span> 
     </span>
     <span class='ocr_line' id='line_1_33' title="bbox 108 3002 277 3050; baseline -0.018 0"><span class='ocrx_word' id='word_1_224' title='bbox 108 3002 277 3050; x_wconf 79' lang='lat' dir='ltr'><strong>munitiones</strong></span> 
     </span>
    </p>
   </div>
   <div class='ocr_carea' id='block_1_5' title="bbox 163 3068 914 3143">
    <p class='ocr_par' dir='ltr' id='par_1_6' title="bbox 163 3068 914 3143">
     <span class='ocr_line' id='line_1_34' title="bbox 163 3068 914 3143; baseline -0.003 -19"><span class='ocrx_word' id='word_1_225' title='bbox 163 3069 259 3125; x_wconf 77' lang='lat' dir='ltr'><strong>Xhlll.</strong></span> <span class='ocrx_word' id='word_1_226' title='bbox 280 3069 386 3126; x_wconf 86' lang='lat' dir='ltr'><strong>Interim</strong></span> <span class='ocrx_word' id='word_1_227' title='bbox 398 3068 744 3143; x_wconf 81' lang='lat' dir='ltr'><strong>Considius,quihchillam</strong></span> <span class='ocrx_word' id='word_1_228' title='bbox 752 3075 810 3125; x_wconf 89' lang='lat' dir='ltr'><strong>octo</strong></span> <span class='ocrx_word' id='word_1_229' title='bbox 819 3068 914 3125; x_wconf 92' lang='lat' dir='ltr'><strong>cohor-</strong></span> 
     </span>
    </p>
   </div>
   <div class='ocr_carea' id='block_1_6' title="bbox 0 0 1016 3594">
    <p class='ocr_par' dir='ltr' id='par_1_7' title="bbox 0 0 1016 3594">
     <span class='ocr_line' id='line_1_35' title="bbox 0 0 1016 3594; baseline 0 0"><span class='ocrx_word' id='word_1_230' title='bbox 0 0 1016 3594; x_wconf 95' lang='lat' dir='ltr'><strong> </strong></span> 
     </span>
    </p>
   </div>
  </div>
 </body>
</html>
