1988 3594
95 535 143 589 lfifi
293 540 329 587 A.
346 541 476 586 HIRTII
493 542 544 586 DE
562 542 686 587 BELLO

93 643 184 714 itaqua
203 640 341 696 transdidit
360 659 403 697 eos
421 643 632 697 centurionibus:
658 651 683 697 et
701 640 816 715 singulis
836 656 890 697 non

94 718 209 789 amplius
222 717 341 791 singulos
356 718 457 774 additos
467 736 556 775 servos
571 719 597 773 in
613 719 702 773 navim
718 716 890 789 imponendos

94 794 233 864 separatim
243 795 353 849 curavit.

148 869 203 923 LV.
233 868 336 923 Gaetuli
355 868 460 923 interim
479 869 614 943 perfugae,
634 886 777 941 quoscum
796 866 890 921 litteris

95 944 278 1016 mandatisque
288 963 302 998 a
313 945 421 1000 Caesare
430 945 525 999 missos
535 963 614 1015 supra
624 944 771 1007 docuimus,
783 943 816 997 ad
826 959 890 997 snos

95 1021 165 1075 cives
179 1020 348 1091 perveniunt;
379 1037 492 1091 quorum
512 1020 661 1075 auctoritate
679 1018 753 1073 facile
772 1018 889 1079 adducti.

95 1095 266 1165 Caesarisque
281 1095 386 1149 nomine
400 1096 527 1167 persuasi,
548 1113 562 1149 a
582 1114 641 1169 rege
661 1095 726 1150 Iuba
741 1094 892 1148 desciscunt

95 1171 263 1243 celeriterque
273 1170 359 1226 cuncti
370 1189 443 1224 arma
458 1172 573 1242 capiunt,
593 1180 735 1242 contraque
748 1187 836 1243 regom
852 1167 892 1223 ia-

95 1264 151 1301 cere
171 1246 361 1301 nondubitant.
391 1245 494 1312 Quibus
508 1247 586 1301 rebus
601 1247 720 1320 cognitis,
741 1246 815 1309 Iuba
834 1244 891 1299 dis·

96 1330 182 1376 tentus
203 1321 297 1392 triplici
318 1322 394 1387 bello,
416 1324 618 1394 necessitateque
636 1330 753 1386 coactus,
782 1320 816 1374 de
833 1321 891 1374 suis

97 1398 187 1468 copiis
208 1415 275 1468 quas
289 1406 376 1452 eontra
387 1397 522 1453 Caesarem
536 1398 689 1461 adduxerat.
711 1414 758 1451 sex
772 1396 891 1450 cohortes

96 1474 122 1526 in
140 1473 204 1600 finqs
219 1472 293 1546 regni
306 1474 349 1527 sui
363 1474 453 1539 mittit,
474 1492 541 1547 qnae
559 1483 646 1530 essent
658 1473 789 1546 praesidio
801 1479 890 1526 contra

96 1547 178 1603 Gaetu
189 1566 229 1603 os.

150 1624 214 1678 LVl.
235 1623 339 1691 Caesar,
355 1624 469 1679 brachiis
483 1623 602 1695 parientis
617 1623 795 1695 promotisque
806 1640 892 1694 usqne

96 1715 134 1761 eo,
145 1716 198 1770 quo
208 1699 289 1754 telum
299 1717 332 1755 ex
341 1701 436 1772 oppido
447 1699 523 1754 adiici
534 1713 585 1755 non
596 1708 692 1771 posset,
699 1707 782 1754 eastra
792 1699 890 1754 munit:

97 1773 199 1828 balistis
210 1775 445 1847 scorpionibusque
455 1776 616 1830 erebrisante
628 1774 737 1830 lrontem
745 1782 891 1829 castrorum

97 1858 238 1923 contraque
246 1851 373 1922 oppidum
383 1851 521 1915 collocatis,
529 1850 676 1906 defensores
687 1850 755 1905 muri
763 1850 892 1904 deterrere

98 1944 150 1981 non
161 1927 320 1981 intermittit:
342 1945 425 1999 eoque
438 1926 687 2000 quinquelegiones
701 1944 734 1981 ex
750 1925 893 1996 superiori-

97 2002 249 2056 buscastris
269 2002 384 2057 deducit.
415 2002 471 2068 Qua
491 2001 609 2057 facultate
621 2002 715 2067 oblata,
737 2001 893 2057 illustriores

98 2077 282 2148 notissimique
291 2085 459 2148 conspectum
473 2078 617 2132 amicorum
629 2078 895 2149 propinquorumque

98 2151 276 2224 efflagitabant
291 2161 369 2224 atque
384 2152 450 2207 inter
465 2170 494 2207 se
506 2152 730 2224 colloquebantur.
759 2152 832 2219 Quae
851 2170 894 2207 ras

99 2226 164 2297 quid
174 2225 295 2281 utilitatis
305 2227 417 2291 baberet,
430 2228 564 2283 Caesarem
576 2245 628 2283 non
637 2228 750 2283 fallebat.
772 2230 895 2300 Namque

100 2301 203 2356 Gaetuli
213 2318 245 2357 ex
256 2303 373 2374 equitatu
383 2304 455 2377 regio
465 2303 615 2370 nobiliores,
636 2305 809 2376 equitumque
818 2321 895 2375 prae-

94 2375 165 2442 'lecti
187 2395 301 2450 quorum
319 2387 475 2451 patrescum
485 2380 635 2435 Marioanta
644 2387 801 2445 meruerant,
823 2380 895 2434 eius-

99 2471 151 2525 que
161 2453 286 2509 beneficio
295 2455 365 2529 agris
376 2455 527 2528 finibusque
537 2455 633 2521 donati,
646 2464 705 2528 post
714 2455 803 2510 Sullae
813 2455 896 2510 uicto-

100 2530 166 2584 riam
187 2530 238 2585 sub
248 2531 406 2603 Hiempsalis
416 2533 485 2607 regis
504 2540 577 2588 erant
594 2539 719 2604 potestate
737 2530 800 2596 dati,
821 2547 896 2585 occa-

101 2605 265 2677 sioneeapta,
282 2615 365 2673 nocta,
382 2610 434 2663 iam
444 2608 592 2663 luminibus
602 2608 724 2671 accensis,
744 2623 804 2661 cum
817 2607 896 2676 equis

100 2679 291 2754 calonibusque
306 2684 362 2738 suis
377 2685 477 2738 circiter
491 2683 563 2738 mille
573 2681 725 2756 perfugiunt
739 2682 766 2736 in
777 2682 896 2737 Caesaris

101 2764 197 2884 pastro,
219 2775 287 2830 quae
309 2765 383 2813 erant
401 2761 428 2812 in
448 2775 540 2830 eampo
559 2758 679 2830 proxime
701 2758 787 2812 locum
806 2757 896 2812 Uzitae

111 2840 190 2887 ocula.

156 2908 234 2963 LVII.
255 2906 331 2974 Quod
340 2916 480 2980 postquam
490 2908 694 2981 Scipio‚quique
703 2917 893 2974 cumeoerant,

101 2994 288 3057 cognoverunt,
299 3001 382 3054 quum
394 2984 516 3039 commoti
527 3003 560 3040 ex
569 2985 614 3040 tali
624 2982 789 3039 incommodo
798 2992 894 3053 essent;

103 3058 211 3131 fereper
221 3057 248 3112 id
263 3065 366 3131 tempus
376 3061 410 3117 M.
421 3060 570 3132 Aquinium
579 3077 641 3116 oum
652 3059 682 3117 C.
694 3059 804 3116 Saserna
817 3058 898 3114 collo·
