1988 3594
97 530 146 582 l36
294 537 323 583 Α.
344 533 477 581 HIRTII
495 534 544 579 DE
564 534 688 581 BELLO

95 636 202 707 praeda.
234 636 366 708 Oppidani
384 636 489 691 interim
512 653 602 690 muros
622 634 729 691 armatis
748 633 895 705 complent:

96 719 156 765 ante
164 718 265 783 portam
276 711 426 785 frequentes
442 711 583 766 considunt
596 711 628 766 ad
644 728 672 765 se
686 709 895 765 defendendum:

96 804 210 858 quorum
222 805 350 842 numerus
360 788 474 841 duarum
485 785 620 858 legionum
632 786 703 840 intus
714 792 777 840 erat.
789 784 895 850 Caesar,

95 863 194 916 circum
210 863 339 934 oppidum
350 868 451 928 vectus,
466 870 559 916 natura
573 860 621 916 loci
634 868 777 933 perspecta,
792 859 859 913 redit
868 860 896 914 in

95 944 189 992 castra.
210 939 269 992 Non
285 954 363 992 nemo
379 937 472 1009 culpae
486 937 543 992 eius
559 936 805 1008 imprudentiaeque
824 934 898 989 adsi-

94 1013 205 1085 gnabat,
240 1012 313 1085 quod
336 1029 423 1084 neque
445 1018 546 1066 certum
569 1010 655 1066 locum
674 1010 897 1085 gubernatoribus

95 1087 292 1160 praefectisque,
315 1105 396 1160 quem
406 1095 533 1158 peterent,
554 1094 731 1158 praeceperat,
754 1102 849 1158 neque,
866 1093 898 1139 ut

96 1180 153 1217 mos
172 1163 259 1235 ipsius
283 1162 498 1234 consuetudoque
521 1161 703 1233 superioribus
730 1161 896 1233 temporibus

95 1236 188 1304 luerat,
199 1237 309 1293 tabellas
319 1239 435 1312 signatas
444 1237 559 1304 dederat,
575 1238 642 1292 utin
653 1244 777 1308 tempore,
792 1236 826 1290 iis
836 1254 898 1307 per-

96 1312 178 1378 lectis,
199 1313 287 1368 locum
301 1321 402 1368 certum
417 1321 534 1384 peterent
547 1313 677 1368 universi.
698 1311 775 1379 Quod
784 1311 898 1366 minime

96 1388 233 1442 Caesarem
253 1387 390 1443 fefellerat:
424 1405 540 1460 namque
559 1387 665 1443 nullum
687 1395 794 1460 portum
814 1394 899 1441 terrae

95 1460 205 1528 Africae,
227 1479 281 1534 quo
300 1462 396 1517 classes
412 1462 587 1529 decurrerent,
606 1469 740 1535 procerte
757 1468 844 1516 tutum
863 1463 898 1516 ab

96 1537 213 1591 hostium
223 1537 353 1608 praesidio
364 1536 417 1592 iore
427 1537 625 1609 suspicabatur;
647 1536 693 1591 sed
704 1536 812 1591 fortuitu
823 1537 900 1592 obla-

94 1620 149 1666 tam
159 1612 321 1667 occasionem
331 1629 453 1686 egressus
464 1612 651 1685 aucupabatur.

151 1689 195 1743 lv.
216 1689 248 1743 L.
263 1687 375 1743 Plancus
391 1687 497 1742 interim
507 1686 609 1763 legatus
618 1687 682 1759 petit
695 1705 709 1740 a
720 1686 839 1752 Caesare,
857 1689 897 1741 uti

95 1762 147 1816 sibi
167 1761 239 1817 daret
254 1762 405 1818 facultatem
424 1780 486 1817 cum
501 1761 626 1818 Considio
641 1762 746 1835 agendi,
768 1762 791 1815 si
809 1772 899 1833 posset

95 1836 184 1909 aliqua
195 1838 294 1893 ratione
303 1837 412 1910 perduci
422 1838 455 1892 ad
463 1837 612 1893 sanitatem.
632 1838 733 1910 ltaque,
744 1838 804 1891 data
814 1836 897 1892 facul-

96 1921 154 1976 tate,
174 1912 273 1967 litteras
282 1913 424 1968 conscribit
437 1920 462 1967 et
471 1930 515 1967 eas
525 1913 629 1985 captivo
638 1912 682 1966 dat
692 1912 858 1983 perferendas
870 1916 897 1968 in

95 1986 223 2059 oppidum
244 1987 277 2041 ad
295 1988 461 2043 Considium.
495 1987 553 2053 Quo
573 1987 654 2041 simul
677 1995 756 2059 atque
776 1987 899 2059 captivus

96 2063 259 2132 pervenisset
277 2061 441 2133 litterasque,
461 2069 492 2116 ut
511 2069 566 2115 erat
584 2062 750 2126 mandatum,
773 2062 899 2118 Considio

96 2135 229 2208 porrigere
246 2139 385 2209 coepisset,
410 2138 567 2208 priusquam
588 2137 713 2208 acciperet
734 2138 792 2203 ille,
817 2139 897 2203 Unde,

97 2211 193 2282 inquit,
214 2211 301 2266 istus?
330 2213 398 2267 Tum
418 2213 552 2282 captivus:
574 2214 761 2280 Imperatorea
776 2214 897 2269 Caesare.

95 2288 170 2340 Tunc
179 2284 329 2351 Considius,
354 2289 426 2342 Unus
436 2297 480 2352 eet,
493 2287 590 2358 inquit,
602 2287 691 2356 Scipio
701 2292 899 2357 imperatorios

96 2371 207 2430 tempore
214 2366 306 2430 populi
315 2364 432 2417 Romani.
457 2363 555 2417 Deinde
565 2363 593 2418 in
607 2371 748 2435 conspectu
757 2381 807 2419 suo
816 2365 900 2434 capti-

95 2454 162 2490 vum
171 2437 258 2490 statim
270 2436 379 2513 interfici
389 2437 462 2492 iubet
472 2437 623 2511 litterasque
632 2438 750 2493 noudum
758 2434 898 2510 perlectas,

96 2512 165 2565 sicut
182 2519 256 2566 erant
277 2512 404 2587 signatae,
425 2513 469 2568 dat
486 2513 589 2569 bomini
608 2521 677 2568 certo
697 2514 729 2569 ad
750 2514 900 2586 Scipionem

96 2585 273 2657 perferendas.

151 2662 183 2716 V.
205 2663 358 2734 Postquam,
380 2679 434 2717 una
453 2671 527 2718 nocte
546 2672 571 2719 et
591 2664 635 2720 die
649 2663 682 2719 ad
698 2664 826 2736 oppidum
837 2681 901 2720 con-

97 2743 194 2801 sumta,
219 2755 305 2809 neque
323 2755 480 2809 responsum
497 2738 584 2794 ullum
600 2756 615 2794 a
630 2739 756 2796 Considio
771 2740 898 2809 dabatur;

97 2829 183 2881 neque
197 2812 220 2865 ei
236 2812 353 2884 reliquae
362 2815 451 2885 copiae
461 2815 661 2880 succurrebant3
684 2832 772 2887 neque
781 2815 901 2886 equitatu

98 2885 263 2954 abundabat,
285 2899 311 2943 et
327 2889 360 2942 ad
382 2890 510 2960 oppidum
530 2889 743 2963 oppugnandum
764 2892 901 2944 nonsatis

97 2960 233 3030 copiarum
248 2962 370 3028 habebat,
392 2972 418 3018 et
431 2982 475 3020 eas
488 2965 620 3029 tironum;
643 2982 730 3037 neque
748 2966 836 3035 primo
854 2966 903 3019 ad-

97 3042 178 3091 ventu
188 3036 372 3092 convulnerari
387 3039 530 3094 exercitum
545 3039 661 3108 volebat;
683 3047 708 3094 et
722 3040 812 3111 oppidi
827 3058 902 3113 egre-
