1988 3594
89 572 138 627 tto
288 577 321 624 Α.
342 578 472 623 muru
490 579 539 624 nu
558 580 682 625 cnunc

89 696 173 750 quum
192 686 327 732 conaretur
343 675 431 750 gladio
444 680 594 734 transiicere
608 688 707 750 pectus,
727 695 776 734 nec
790 687 889 751 posset,

88 754 210 826 precibus
225 769 324 805 eserro
338 770 387 806 suo
405 754 563 825 impetravit,
586 763 615 807 ut
625 771 653 808 sc
664 754 827 819 interficeret,
849 754 891 807 id-

88 847 140 900 que
152 826 272 882 obtinuit.

143 903 224 957 XCV.
245 902 274 955 P.
297 901 378 955 Sitius
398 901 512 968 interim,
534 900 612 972 pulso
631 902 745 957 exercitu
760 902 887 968 Saburae,

89 976 207 1048 praefecti
222 976 309 1039 lubae,
322 977 433 1047 ipsoque
443 975 584 1042 interfecto,
597 994 681 1048 quum
693 977 740 1030 iter
750 994 811 1030 cum
821 995 891 1048 pau-

87 1052 126 1104 cis
137 1069 182 1122 por
192 1051 374 1105 Mauritaniam
386 1050 419 1105 ad
433 1050 569 1106 Caesarem
589 1051 691 1115 laceret,
713 1051 778 1105 lorte
797 1051 892 1106 incidit

88 1126 116 1180 in
127 1127 254 1179 Faustum
264 1125 465 1197 Afraniumque,
487 1127 534 1191 qui
547 1144 604 1180 eam
620 1143 729 1180 uranum
744 1126 887 1193 habebant,

88 1218 142 1271 qua
152 1201 251 1254 Uticam
262 1201 433 1272 diripuerant,
454 1210 555 1272 iterque
565 1201 592 1255 in
603 1202 756 1272 Hispaniam
770 1201 891 1255 intende-

88 1276 152 1329 bant
161 1283 185 1328 et
194 1283 266 1329 crant
279 1293 389 1329 numero
403 1275 504 1329 circiter
519 1277 576 1329 llll).
602 1277 693 1347 ltaque
705 1275 820 1330 celeriter
840 1292 890 1330 no-

88 1358 182 1404 cturno
191 1358 307 1420 tempore
317 1350 421 1404 insidiis
433 1350 577 1421 dispositis,
592 1367 636 1404 eos
646 1350 731 1422 prima
745 1350 801 1404 luce
811 1351 889 1404 ador-

88 1433 140 1490 tus,
152 1433 358 1497 practerpaucos
367 1426 478 1495 equites,
496 1426 585 1496 quiex
596 1426 681 1495 prime
691 1425 798 1498 agmine
812 1424 890 1498 luge-

88 1508 155 1562 rant,
173 1498 288 1569 reliquos
298 1505 343 1553 aut
355 1499 485 1565 interficit,
502 1506 547 1554 aut
561 1500 588 1554 in
604 1499 763 1554 deditionem
778 1501 885 1570 accipit;

87 1573 226 1629 Afranium
234 1574 390 1640 etFaustum
401 1575 476 1629 vivos
485 1575 554 1646 capit
563 1592 623 1628 cum
632 1575 776 1648 coniugeet
785 1574 886 1630 liberis.

89 1649 182 1704 Paucis
192 1648 363 1720 postdiebus,
384 1649 547 1704 dissensione
562 1650 588 1703 in
603 1649 719 1704 exercitu
732 1658 796 1714 orta,
817 1650 888 1704 Fau-

88 1731 145 1778 stus
158 1731 183 1778 et
193 1722 317 1778 Afranius
329 1724 534 1790 interficiuntur;
560 1724 698 1795 Pompeiae
716 1742 776 1779 cum
796 1725 887 1778 Fausti

88 1799 178 1854 liberis
188 1798 282 1854 Caesar
293 1799 496 1855 incolumitatem
506 1817 607 1870 suaque
616 1799 704 1853 omnia
715 1800 848 1853 concessit.

143 1873 236 1930 XCVI.
257 1873 344 1945 Scipio
354 1874 457 1930 interim
469 1892 530 1929 cum
546 1874 704 1946 Damasippo
717 1881 741 1927 et
756 1874 887 1945 Torquato

88 1945 393 2013 etPlactoricllustiano,
416 1949 529 2004 navibus
545 1947 640 2022 longis,
661 1948 708 2003 diu
718 1948 888 2020 multumque

88 2024 182 2087 iactati,
194 2040 279 2093 quum
290 2023 442 2093 Hispaniam
453 2030 577 2093 peterent,
590 2022 773 2094 adHipponem
784 2023 887 2096 regium

87 2096 249 2160 deferuntur,
269 2096 316 2149 ubi
336 2095 427 2150 classis
446 2097 476 2149 P.
491 2097 550 2150 Sitii
562 2113 608 2166 per
623 2097 649 2150 id
664 2105 767 2168 tempus
782 2106 849 2152 erat:
872 2115 887 2152 a

88 2190 140 2244 qua
159 2170 281 2241 pauciora
294 2169 327 2223 ab
342 2169 515 2239 amplioribus
528 2170 705 2224 circumventa
720 2171 826 2242 navigia
841 2172 888 2226 de·

87 2247 251 2319 primuntur;
273 2243 364 2315 ibique
374 2242 461 2314 Scipio
469 2260 531 2298 cum
544 2244 643 2315 quibus
658 2243 748 2316 paullo
761 2254 820 2299 ante
839 2263 888 2300 no-

87 2319 196 2383 minevi,
209 2317 314 2373 interiit.

142 2394 245 2449 XCVII.
265 2393 359 2449 Caesar
369 2392 483 2459 interim,
496 2393 589 2449 Zamae
599 2393 718 2449 auctione
727 2394 797 2468 regie
809 2393 883 2460 lacta,

86 2470 216 2541 bonisque
226 2485 316 2523 eorum
328 2469 450 2534 venditis,
467 2468 515 2541 qui
528 2470 599 2524 cives
612 2469 722 2524 llomani
737 2477 825 2523 contra
840 2486 887 2540 pc-

87 2545 182 2616 pulum
193 2545 340 2598 Romanum
352 2562 424 2598 arma
436 2543 556 2605 tulerant,
568 2543 745 2616 praemiisque
752 2543 887 2597 Zamensi·

87 2621 148 2681 bue,
161 2619 207 2690 qui
218 2618 250 2672 de
260 2637 320 2692 rege
330 2618 492 2673 excludendo
504 2619 643 2674 consilium
656 2627 790 2691 ceperant,
801 2618 885 2673 tribu-

87 2694 121 2747 tis
132 2693 356 2765 vectigalibusque
366 2693 445 2766 regiis
462 2694 601 2766 abrogatis,
623 2712 656 2749 ex
672 2711 806 2767 regnoque
824 2710 886 2764 pro-

86 2768 172 2823 vincia
185 2768 259 2832 lacta,
281 2775 358 2840 atque
371 2769 407 2821 ibi
422 2767 514 2839 Crispo
524 2768 647 2823 Sallustio
656 2766 811 2840 proconsule
823 2784 884 2821 cum

88 2842 198 2914 imperio
207 2842 304 2905 relicto,
326 2843 383 2915 ipse
395 2844 472 2897 Zama
486 2861 608 2915 egressus
623 2844 724 2898 Uticam
738 2860 766 2896 se
779 2843 884 2913 recepit.

88 2916 126 2969 Ibi
138 2917 214 2972 bonis
224 2918 336 2972 venditis
347 2935 448 2982 eorum,
460 2918 507 2988 qui
518 2919 570 2971 sub
580 2919 644 2972 Iuba
653 2917 804 2989 Petreioque
813 2916 886 2971 ordi-

55 2988 57 2993 '
88 3006 135 3041 nes
145 2991 283 3057 duxerant,
296 2994 358 3047 item
369 2992 536 3063 Thapsitanis
552 2992 593 3046 HS
605 2992 723 3056 vicesies,
745 2990 883 3045 conventui

87 3077 178 3119 eorum
192 3066 233 3120 HS
243 3067 371 3136 tricesies;
392 3066 573 3122 Adrumetinis
583 3066 625 3121 HS
634 3066 757 3131 tricesies,
770 3082 869 3120 conver
