1988 3594
321 523 350 568 A.
371 522 500 567 HIRTll
517 523 566 567 DE
585 523 710 569 BELLO

17 642 219 701 ‚fa-nomae
229 624 366 697 pecuniam
379 624 531 694 imperatam
545 629 728 678 numeraverat
743 629 768 676 et
778 621 850 694 quod
860 621 917 693 ipse

122 719 199 757 suam
209 716 329 754 caussam
344 698 446 753 Caesari
458 699 618 770 probaverat,
640 716 676 762 se,
696 717 711 751 a
724 698 825 752 Nasidii
834 696 917 751 classe

122 786 237 848 captum,
250 792 334 847 quum
344 773 377 827 ad
387 792 476 828 necem
488 774 634 838 duceretur,
651 773 778 827 beneficio
786 772 848 827 Vari
859 789 917 827 essa

122 861 264 914 servatum,
283 857 371 921 postea
382 848 530 905 facultatem
543 849 595 903 sibi
613 847 714 903 nullam
728 848 816 902 datam
831 856 918 902 trans-

123 927 213 990 eundi,
229 925 339 998 ignovit.

177 1001 258 1056 LXV.
278 1001 328 1054 Est
345 999 373 1053 in
392 998 478 1053 Africa
488 998 648 1053 consuetudo
664 997 818 1063 incolarum,
842 998 918 1053 utin

123 1077 194 1150 agris
204 1084 228 1130 et
238 1076 265 1129 in
275 1074 400 1128 omnibus
410 1073 462 1128 lere
472 1074 541 1128 villis
551 1075 602 1128 sub
613 1082 678 1129 terra
683 1090 777 1146 specus
787 1072 918 1128 condendi

124 1152 248 1206 frumenti
264 1151 347 1224 gratia
366 1148 433 1204 clam
453 1148 566 1204 babeant
587 1158 665 1221 atque
687 1149 714 1204 id
727 1156 831 1221 propter
848 1146 918 1202 bella

124 1227 240 1282 maxime
261 1225 429 1295 hostiumque
450 1225 569 1280 subitum
592 1225 733 1280 adventum
751 1230 915 1297 praeparent.

124 1303 181 1369 Oua
203 1300 236 1356 de
256 1318 284 1355 re
296 1301 390 1356 Caesar
411 1300 503 1354 certior
523 1318 570 1372 per
593 1301 712 1355 indicem¹
726 1299 817 1363 lactus,
841 1299 917 1353 tertia

124 1377 216 1450 vigilia
226 1375 341 1448 legiones
351 1375 417 1428 duas
427 1392 489 1429 cum
498 1377 616 1447 equitatu
626 1377 704 1429 mittit
714 1375 747 1429 ab
758 1374 850 1430 castris
859 1374 918 1428 suis

124 1452 207 1506 millia
220 1468 346 1522 passuum
363 1449 452 1504 decem
464 1458 542 1522 atque
555 1451 617 1506 inde
631 1468 727 1524 magno
739 1466 849 1505 numero
861 1449 919 1504 lru-

125 1527 205 1582 menti
215 1533 322 1580 onustos
332 1525 421 1597 recipit
430 1525 458 1579 ia
469 1533 562 1581 castra.
592 1526 695 1594 Quibus
705 1525 783 1581 rebus
793 1526 915 1600 cognitis,

126 1602 265 1666 Labienus,
289 1618 443 1675 progressus
465 1621 480 1656 a
501 1603 558 1656 suis
579 1603 671 1657 eastris
690 1601 773 1656 millia
788 1618 918 1672 passuum

124 1686 222 1749 septem
235 1694 280 1751 per
294 1678 387 1750 iugum
404 1684 429 1730 et
442 1676 544 1743 collem,
564 1695 611 1750 per
630 1695 709 1748 quem
720 1677 814 1733 Caesar
832 1676 918 1749 pridie

125 1755 172 1808 iter
185 1752 290 1818 lecerat,
313 1752 350 1806 ibi
364 1759 448 1806 castra
460 1752 573 1807 duarum
591 1752 724 1826 legionum
744 1751 818 1819 lacit,
839 1760 920 1823 atque

125 1831 181 1901 ipse
205 1827 334 1900 quotidie,
369 1827 537 1893 existimans,
571 1828 706 1883 Caesarem
729 1827 820 1882 eadem
841 1845 918 1899 saepe

124 1903 301 1959 frumentandi
314 1904 397 1977 gratia
414 1910 635 1969 commeaturum,
656 1921 717 1958 cum
732 1920 829 1977 magno
841 1902 919 1975 equi·

125 1987 179 2034 tatu
201 1978 305 2050 levique
319 1986 451 2033 armatura
469 1979 640 2034 insidiaturus
662 1978 726 2033 locis
740 1979 840 2033 idoneis
855 1995 920 2033 con-

124 2053 200 2108 sedit.

178 2128 269 2183 val.
290 2127 385 2183 Caesar
394 2127 499 2182 interim
508 2128 541 2183 de
550 2128 654 2183 insidiis
664 2128 772 2183 Labieni
786 2146 819 2183 ex
828 2127 920 2200 perlu-

123 2204 165 2277 gis
177 2203 269 2256 certior
282 2200 379 2269 lactus,
401 2220 498 2274 paucos
515 2203 571 2258 dies
590 2203 628 2258 ibi
645 2213 830 2269 commoratus,
852 2203 918 2259 dum

124 2280 211 2334 hostes
231 2277 383 2350 quotidiano
401 2278 531 2345 instituto,
558 2295 635 2350 saepe
651 2277 721 2337 idem
740 2279 865 2343 faciendo,
889 2280 917 2335 in

124 2353 311 2429 negligentiam
322 2354 520 2420 adducerentur,
532 2355 620 2409 subito
630 2372 707 2409 mane
717 2355 835 2427 imperat,
844 2362 917 2426 porta

124 2431 269 2486 decumana
279 2429 394 2503 legiones
409 2449 437 2486 se
447 2439 502 2486 octo
512 2438 646 2486 veteranas
659 2448 721 2485 cum
734 2439 807 2502 parte
816 2431 918 2502 equita-

124 2513 168 2560 tus
177 2505 269 2577 sequi;
291 2513 377 2578 atque,
390 2507 524 2580 equitibus
535 2506 695 2578 praemissis,
708 2524 793 2579 neque
806 2507 920 2579 opinan-

124 2589 163 2636 tes
183 2581 347 2636 insidiatores
369 2583 465 2647 subito,
490 2583 516 2636 in
536 2581 699 2637 convallibus
722 2581 843 2646 latentes,
866 2581 919 2637 levi

124 2664 256 2711 armatura
269 2656 381 2711 concidit
396 2657 497 2712 circiter
511 2660 682 2731 quingentos3
704 2657 819 2730 reliquos
833 2658 860 2711 in
876 2656 888 2710 l
904 2688 920 2698 -

123 2750 186 2806 gam
197 2731 376 2804 turpissimam
385 2733 500 2788 coniecit.
521 2733 628 2787 Interim
640 2732 772 2787 Labienus
783 2750 844 2787 oum
857 2733 920 2786 uni-

124 2824 201 2862 verso
211 2806 499 2881 equitatulugientibus
509 2808 566 2863 suis
576 2809 709 2881 suppetias
722 2809 844 2862 occurrit.
865 2807 920 2862 Cu-

125 2881 167 2936 ius
182 2883 241 2939 ‚vim
261 2882 438 2939 multitudinis
458 2901 542 2956 quum
561 2884 661 2956 equites
678 2884 755 2954 pauci
770 2883 917 2937 Caesariani

126 2954 178 3010 iam
189 2959 318 3013 sustinere
332 2976 384 3013 non
404 2968 520 3031 possent,
542 2959 637 3015 Caesar
650 2959 789 3013 instructas
804 2958 919 3031 legiones

126 3029 242 3087 hostium
257 3034 338 3104 copiis
352 3035 471 3089 ostendit.
500 3034 558 3101 Quo
576 3033 642 3089 lacto
656 3035 790 3107 perterrito
804 3032 919 3089 Labieno
