1988 3594
179 740 211 791 48
383 745 432 789 DE
456 743 579 786 BELLO
600 741 769 787 GALLIOO

178 843 319 898 hortandos
330 842 435 907 milites,
457 859 536 912 quam
554 842 579 894 in
596 848 694 911 partem
709 841 761 894 sors
771 840 875 904 obtulit,

178 919 260 972 currit
268 927 293 971 et
303 918 335 971 ad
347 917 476 990 legionem
486 917 614 969 decimam
624 916 736 969 devenit.
750 915 844 969 Milites
856 932 887 967 no

179 993 250 1065 giore
259 993 374 1046 oratione
383 992 540 1054 cohortatus,
556 1006 636 1059 quam
651 989 689 1042 uti
705 1007 768 1042 suae
782 989 887 1059 pristim·

179 1067 241 1119 tutis
253 1066 405 1119 memoriam
417 1066 564 1127 retinerent,
582 1081 632 1117 neu
643 1064 857 1133 perturbarentur
876 1081 887 1116 a

180 1141 349 1210 hostiumque
369 1140 496 1208 impetum
518 1138 615 1191 fortiter
636 1139 809 1199 sustinerent,
832 1153 885 1207 quo

181 1214 285 1287 longius
296 1215 382 1267 hostes
394 1214 508 1275 aberant,
522 1229 603 1282 quam
619 1228 673 1281 quo
689 1211 769 1264 telum
785 1212 861 1264 adiici
876 1229 887 1280 1

180 1288 270 1358 proelii
289 1287 469 1342 committendi
483 1287 591 1358 signum
608 1286 687 1339 dedit.
716 1286 802 1356 Atque
822 1286 848 1338 in
868 1285 887 1338 a]

180 1370 278 1433 partem
290 1364 351 1416 item
363 1360 514 1415 cohortandi
526 1377 618 1413 caussa
633 1358 771 1429 profectus,
793 1377 887 1431 pugna

179 1437 299 1490 occurrit.
330 1436 466 1506 Temporis
483 1442 554 1487 tanta
572 1433 621 1486 fuit
639 1434 784 1505 exigmitas,
806 1434 886 1487 bestii

180 1518 233 1564 tam
243 1518 349 1581 paratus
359 1510 391 1564 ad
404 1509 583 1562 dimicandum
599 1507 713 1571 animus,
735 1516 765 1560 ut
778 1524 830 1561 non
845 1525 887 1561 mo

180 1584 294 1655 insignia
305 1583 536 1647 adcommodanda,
544 1581 590 1636 sed
601 1582 678 1635 otiam
689 1581 722 1635 ad
731 1582 818 1654 galeas
829 1582 887 1635 indu

180 1658 316 1727 scutisque
325 1657 466 1728 tegimenta
475 1655 633 1710 detrahenda
644 1663 748 1726 tempus
757 1655 877 1709 deluerit.

179 1733 295 1804 quisque
306 1732 333 1785 in
343 1740 442 1801 partem
453 1731 486 1784 ab
498 1748 574 1799 opere
584 1747 647 1783 casu
656 1730 769 1794 devenit,
786 1746 887 1801 quaequ

179 1824 223 1859 ma
233 1807 309 1878 signa
319 1807 463 1876 conspexit,
485 1805 518 1858 ad
528 1805 590 1858 baec
599 1805 722 1868 constitit,
746 1823 787 1868 ne,
809 1805 836 1858 in
847 1823 884 1875 qu

179 1881 220 1934 dis
231 1880 296 1944 suis,
308 1880 444 1953 pugnandi
455 1879 718 1950 ternpus'dimitteret.

234 1955 321 2008 XXll.
342 1956 469 2008 Instructo
479 1955 602 2017 exercitu,
613 1954 697 2025 magis
707 1961 737 2006 ut
746 1952 794 2006 loci
805 1960 887 2006 natura

179 2037 290 2100 ctusque
299 2028 372 2082 collis
382 2037 407 2082 et
418 2029 555 2082 necessitas
565 2028 699 2096 temporiS,
716 2045 796 2098 quam
808 2035 837 2080 ut
853 2028 887 2080 rei

179 2104 241 2157 taris
253 2103 316 2156 ratio
326 2111 404 2177 atque
413 2102 476 2156 ordo
486 2102 642 2172 postulabat,
650 2119 735 2173 quum
745 2101 856 2155 diversis
867 2101 887 2154 lc

179 2178 279 2249 giones,
292 2177 357 2230 aliae
367 2177 417 2231 alia
428 2178 454 2229 in
464 2184 546 2247 parte,
559 2176 679 2229 hostibus
690 2176 845 2239 resisterent,
853 2193 887 2246 se}

179 2268 232 2320 quo
251 2250 425 2314 densissimis,
448 2259 477 2304 ut
491 2259 549 2304 ante
565 2251 812 2313 demonstravimus,
836 2251 887 2303 inte

179 2333 331 2395 prospectus
342 2324 524 2394 impediretur:
542 2342 627 2395 neque
636 2333 704 2378 certa
714 2325 833 2378 subsidia
844 2324 882 2378 eol

180 2415 265 2469 neque
276 2398 341 2468 quid
353 2399 380 2452 in
390 2416 496 2469 quaque
506 2407 578 2469 parte
587 2416 653 2469 opus
664 2408 730 2452 esset
739 2399 879 2469 provideri,

179 2473 212 2527 ab
224 2489 277 2526 uno
287 2474 375 2525 omnia
388 2474 496 2543 imperia
506 2473 682 2526 administrari
697 2482 822 2543 poteraut.
844 2475 887 2527 lta<

179 2554 248 2601 tanta
264 2564 351 2600 rerum
366 2546 503 2618 iniquitate
518 2546 635 2601 fortunae
654 2565 761 2618 quoque
779 2556 887 2601 eventus

179 2621 361 2691 sequebantur.

233 2696 329 2748 XXlll.
350 2695 472 2767 Legionis
483 2713 566 2750 nonae
575 2703 599 2749 ot
609 2695 724 2749 decimae
734 2696 839 2760 milites,
856 2705 886 2750 ut

179 2769 260 2823 nistra
271 2777 343 2839 parte
352 2770 405 2823 acic
414 2771 589 2833 constiterant,
597 2769 658 2839 pilis
668 2771 782 2834 emissis,
793 2789 873 2824 cursu
884 2792 887 2824 r

178 2844 294 2897 situdiue
303 2844 466 2897 exanimatos
476 2844 685 2914 vulneribusque
699 2842 827 2898 oontectos
841 2846 887 2899 Ati·

178 2916 248 2989 (nam
260 2918 301 2971 bis
311 2936 340 2971 ea
353 2936 412 2988 pars
426 2918 575 2991 obvenerat)
594 2918 709 2972 celeriter
725 2936 758 2973 ex
773 2918 827 2972 loeo
842 2937 887 2989 sup

179 2992 205 3045 in
226 2990 324 3046 llumen
343 2992 534 3062 compulerunt,
558 3002 583 3046 et
597 2993 706 3046 transire
723 3003 845 3047 conantes
866 2995 887 3046 ir

177 3064 273 3137 gladiis
283 3083 407 3138 magnam
413 3076 513 3137 partem
523 3084 613 3121 eorum
625 3067 776 3137 impeditam
784 3068 887 3121 interlec

178 3139 230 3209 lpsi
241 3141 353 3193 transire
362 3140 461 3195 llumen
471 3158 522 3195 non
533 3142 720 3194 dubitaverunt
730 3149 763 3205 et,
783 3143 810 3195 in
824 3143 887 3195 locui

177 3229 263 3285 quum
272 3216 413 3287 progressi,
428 3233 521 3269 rursus
532 3232 663 3289 regressos
676 3233 706 3269 ao
720 3218 868 3270 resistentes
