1988 3594
95 576 144 629 494
391 582 440 627 DE
464 582 588 628 BELLO

148 684 191 736 lll.
210 682 273 736 Erat
287 682 356 736 idem
371 683 495 753 temporis
509 682 570 736 Sex.
583 682 723 754 Pompeius
735 681 824 748 frater,
846 676 893 757 qui

94 775 154 812 cum
166 756 295 829 praesidio
305 757 454 811 Cordubam
466 758 580 821 tenebat,
590 758 662 828 quod
674 757 730 812 eins
742 758 895 829 provinciae

93 842 171 903 caput
189 849 247 886 esse
265 832 479 887 existimabatur:
501 832 557 902 ipse
578 840 665 886 autem
687 832 735 886 Cn.
751 833 895 903 Pompeius

94 906 244 961 adolescens
255 905 339 961 Uliam
350 908 478 977 oppidum
488 908 666 979 oppugnabat,
683 914 708 962 et
717 905 770 961 lere
780 907 834 961 iam
844 906 896 963 ali·
927 914 932 967 ,“

95 980 306 1051 quotmensibus
318 982 353 1035 ibi
365 982 538 1037 detinebatur.
560 981 619 1047 Quo
628 999 661 1036 ex
670 981 776 1053 oppido,
787 983 896 1055 eognito

95 1056 213 1110 Caesaris
226 1055 349 1118 adventu,
372 1056 459 1129 legati,
479 1056 547 1111 clam
562 1056 690 1128 praesidia
701 1056 751 1111 Cn.
763 1057 892 1127 Pompeii,

94 1131 231 1185 Caesarem
250 1148 334 1201 quum
353 1131 482 1196 adissent,
503 1141 588 1202 petere
606 1138 760 1203 coeperunt,
783 1130 821 1185 uti
840 1131 895 1185 sibi

94 1206 180 1277 primo
190 1215 417 1277 quoquetempore
427 1206 579 1261 subsidium
590 1207 710 1261 mitteret.
731 1205 893 1261 Caesaream

94 1281 226 1335 civitatem
236 1281 309 1335 omni
318 1288 434 1351 tempore
443 1282 541 1352 optime
554 1281 587 1335 de
602 1281 699 1353 populo
708 1280 827 1336 Romano
837 1298 895 1335 me-

96 1356 171 1409 ritam
183 1373 239 1410 esse
248 1355 342 1419 sciens,
354 1355 470 1410 celeriter
479 1374 527 1410 sex
540 1356 657 1410 cohortes
672 1355 786 1410 secunda
801 1354 895 1429 vigilia

96 1431 168 1484 iubet
177 1430 314 1501 proficisci,
327 1431 438 1502 parique
448 1432 549 1502 equites
560 1448 686 1486 numero:
707 1431 808 1502 quibus
817 1448 895 1501 prae-

96 1504 155 1559 leeit
171 1505 307 1560 hominem
326 1506 383 1559 eius
398 1507 546 1577 provinciae
560 1514 662 1571 notum,
683 1513 708 1560 et
725 1521 779 1561 non
797 1522 893 1576 parum

95 1580 229 1644 scientem,
250 1581 280 1635 L.
301 1580 407 1634 lunium
426 1580 586 1635 Paciaeoum.
616 1579 666 1647 Qui
686 1598 771 1652 quum
791 1579 824 1634 ad
841 1580 893 1638 Cn.

97 1655 212 1727 Pompeii
226 1654 355 1726 praesidia
366 1656 493 1724 venisset;
516 1655 607 1710 incidit
621 1655 690 1710 idem
704 1655 840 1726 temporis,
864 1662 896 1710 ut

97 1738 247 1800 tempestate
268 1730 377 1785 adversa
399 1731 600 1802 vehementique
621 1738 699 1785 vento
720 1728 896 1785 adflictaretur

96 1805 197 1859 aditus:
218 1806 357 1876 quemvis
376 1807 537 1877 tempestatis
556 1806 591 1861 ita
611 1805 776 1870 obscurabat,
798 1813 828 1859 ut
847 1805 895 1860 vix

96 1880 248 1950 proximum
258 1897 398 1953 agnoscere
406 1899 508 1952 posses.
522 1881 606 1937 Cuius
616 1880 896 1935 incommodumsum-

98 1973 168 2009 mam
188 1954 326 2010 utilitatem
345 1956 411 2026 ipsis
429 1957 576 2027 praebebat.
608 1958 654 2020 lta,
675 1972 760 2027 quum
779 1955 812 2008 ad
831 1972 894 2009 eum

97 2029 184 2084 locum
199 2037 336 2093 venerunt,
359 2030 430 2084 iubet
445 2031 521 2084 binos
536 2030 638 2101 equites
653 2029 770 2084 incedere
783 2038 809 2083 et
826 2038 895 2084 recta

97 2122 143 2175 per
160 2104 369 2159 adversariorum
383 2103 513 2173 praesidia
533 2104 566 2158 ad
580 2105 708 2175 oppidum
723 2103 894 2159 contendere:

98 2179 246 2249 mediisque
266 2194 357 2231 eorum
379 2177 517 2248 praesidiis
536 2194 620 2249 quum
641 2186 822 2248 quaereretur,
849 2185 896 2248 qui

97 2261 193 2321 osseam
223 2269 293 2307 unus
311 2269 344 2306 ex
362 2252 458 2305 nostris
478 2250 625 2322 respondit:
646 2261 675 2305 ut
692 2255 769 2306 sileat
788 2258 896 2308 eertum

97 2334 197 2398 forem
217 2345 278 2381 nom
288 2332 314 2381 id
326 2331 446 2394 temporis
456 2330 548 2380 ceneri
560 2330 595 2380 ad
605 2343 707 2380 murum
716 2330 845 2390 accedere,
867 2339 896 2383 ut

98 2408 219 2471 oppidum
230 2407 349 2470 copiunt:
369 2409 394 2456 et
404 2401 498 2473 partim
506 2407 656 2472 tempestate
670 2400 789 2472 impediti
799 2402 895 2475 vigiles

99 2496 149 2532 non
162 2486 278 2548 poterant
287 2476 450 2550 diligentiam
461 2483 597 2548 praestare,
610 2476 703 2547 partim
716 2475 760 2530 illo
770 2493 896 2549 responso

99 2554 301 2607 deterrebantur.
337 2551 426 2619 Quum
445 2551 478 2606 ad
498 2559 600 2623 portam
623 2550 893 2622 adpropinquassent:

99 2629 176 2700 signo
184 2627 252 2692 dato,
264 2628 297 2681 ab
306 2627 444 2698 oppidanis
454 2634 517 2681 sunt
527 2626 663 2696 recepti,et
672 2625 771 2696 pedites
780 2626 898 2696 equites·

100 2721 161 2774 que,
177 2702 289 2756 clamore
302 2701 376 2768 laeto,
389 2701 524 2773 dispositis
537 2701 574 2755 ibi
584 2700 689 2771 partim,
705 2700 752 2771 qui
763 2717 898 2754 remanse-

100 2795 140 2842 re,
157 2776 320 2847 eruptionem
336 2776 363 2830 in
380 2777 590 2831 adversariorum
605 2782 688 2829 castra
703 2773 829 2830 lecerunt.
854 2774 898 2829 Sic

101 2850 168 2906 illud
177 2868 262 2922 quum
277 2851 450 2906 inscientibus
460 2851 605 2916 accidisset,
622 2849 790 2904 existimabat
800 2867 898 2923 magna

101 2943 161 2995 pars
180 2926 328 2991 hominum,
349 2927 396 2999 qui
416 2928 443 2981 in
463 2927 496 2981 iis
515 2926 608 2980 castris
626 2923 747 2991 luissent,
770 2942 798 2979 se
817 2942 899 2998 prope

101 3009 189 3071 captos
198 3018 265 3055 esse.

156 3076 198 3131 IV.
219 3076 272 3129 Hoc
282 3075 362 3131 misso
370 3075 405 3131 ad
413 3075 500 3130 Uliam
514 3076 652 3147 praesidio,
665 3077 769 3140 Caesar,
783 3084 812 3128 nt
822 3077 900 3131 Pom-
