1988 3594
255 556 325 599 Llll.
343 556 362 599 l.
393 556 470 601 cnr.
486 556 528 601 tt.
545 558 580 600 t-t.
804 562 819 609 ll

17 654 66 709 rias
76 652 152 707 ultus
162 659 212 717 est,
226 654 299 725 quad
309 655 366 707 eius
379 656 459 708 soeeri
472 657 501 708 L.
515 656 615 711 l'isouis
628 678 719 723 araur,
733 664 763 715 L.
777 666 817 717 l’i-

17 746 103 783 sonem
119 727 246 799 legatum,
262 729 381 801 Tigurini
392 730 483 783 eoeleur
495 731 600 799 proelio,
616 750 670 803 qun
683 734 815 799 Cassiani,

18 802 205 858 interfecerant.

68 879 141 931 Xlll.
163 879 216 930 lloe
226 875 324 947 proelio
334 876 407 931 saeta.
422 878 538 949 reliquas
547 879 815 949 eopiasllelretiorunr

17 962 43 1005 ut
54 953 181 1023 consequi
196 960 291 1022 posset,
313 962 419 1022 pontem
434 952 460 1005 in
478 954 553 1005 Arari
572 953 723 1009 laeiunduur
743 968 818 1011 rirrat

17 1036 92 1097 atqrre
103 1028 138 1079 ita
149 1026 292 1079 exereitum
305 1026 458 1079 transducit.
479 1026 598 1085 llelretii,
611 1030 747 1097 repentino
759 1032 817 1084 eius

16 1102 128 1155 ulrentu
142 1101 274 1157 coniurati,
298 1118 383 1171 qiruru
399 1100 434 1161 id,
459 1100 532 1170 quod
550 1101 600 1171 ipsi
614 1102 708 1155 diebus
723 1104 815 1175 viginti

15 1176 159 1248 aegerrime
170 1174 341 1238 coniecerant,
357 1182 387 1227 ut
398 1173 495 1227 llumen
508 1174 657 1235 transirent,
672 1194 727 1229 uno
740 1177 815 1231 illum

15 1248 56 1303 die
66 1250 159 1303 iecisse
169 1248 357 1321 intellegerent,
371 1249 467 1321 legatos
478 1248 584 1301 adeum
597 1250 717 1304 mittunt:
739 1252 816 1305 euius

16 1322 153 1397 legationis
165 1324 254 1377 Divino
267 1324 389 1393 princeps
403 1323 461 1385 luit,
477 1324 523 1395 qui
539 1321 608 1377 bello
621 1324 746 1379 Cassiano
759 1326 816 1379 dux

25 1399 193 1453 lelvetiorum
205 1397 297 1452 lueret.
318 1400 343 1452 ls
353 1399 387 1452 ita
400 1416 461 1451 cunr
472 1398 581 1451 Caesare
594 1398 661 1469 agit:
682 1400 714 1455 Si
724 1418 816 1467 parem

30 1478 125 1543 opulas
136 1475 264 1527 Romanus
274 1491 332 1527 eam
346 1474 470 1526 llelretiis
481 1478 587 1541 iaceret,
602 1478 631 1526 in
644 1492 699 1527 eam
713 1484 815 1541 partera

35 1566 97 1603 uros
105 1557 185 1616 atque
194 1552 230 1601 ibi
238 1553 341 1616 futuros
350 1548 487 1609 lleltetios,
503 1551 598 1601 abiens
609 1548 706 1601 Caesar
719 1551 816 1602 causti-

41 1628 104 1677 isset
113 1632 192 1690 etqrre
205 1640 258 1675 esse
272 1626 408 1675 eolriisset:
427 1625 469 1675 sin
483 1624 547 1675 bello
559 1628 680 1691 persequi
696 1639 816 1689 perseue-

46 1708 96 1757 ret,
117 1700 326 1751 reminisceretur
340 1704 364 1749 et
378 1701 472 1749 veteris
486 1700 639 1749 iucarnruadi
656 1700 747 1763 pepedi
765 1698 816 1749 lio-

52 1776 94 1827 'ni.
106 1780 130 1824 et
137 1776 265 1837 pristinae
275 1774 382 1823 eirtatis
391 1770 572 1823 Heluetiorum.
594 1770 668 1835 (iriod
678 1775 816 1836 iurprneiso

59 1864 95 1899 im
102 1862 199 1913 panum
208 1850 317 1899 adortus
326 1853 399 1907 esset,
413 1862 491 1913 antini
505 1849 533 1909 ii,
546 1848 592 1912 qui
601 1848 694 1909 {lumen
705 1849 816 1899 transis-

62 1930 77 1983 ¹,
88 1924 146 1973 sais
157 1923 289 1973 auritium
297 1924 367 1987 [erre
376 1937 427 1972 aon
434 1928 546 1986 possent,
558 1936 590 1972 ne
599 1920 630 1971 ab
640 1936 696 1972 eam
705 1936 759 1972 rem
769 1928 816 1973 nat

69 2010 181 2061 ’mirque
190 2010 265 2061 opere
275 1998 367 2047 en'rtuti
377 1996 509 2053 tribueret,
522 2002 569 2046 ant
582 1998 652 2060 ipsos
660 1997 815 2061 despiceret:

75 2072 246 2135 aapatrilrus
259 2072 451 2135 maioribusque
463 2072 519 2121 sais
536 2072 665 2129 didicisse,
686 2077 716 2121 at
733 2071 816 2135 manis

80 2153 118 2199 ae,
130 2161 209 2211 qaam
218 2146 277 2195 dolo
288 2147 474 2203 contenderent,
491 2151 538 2195 aut
548 2145 652 2195 insidiis
660 2146 814 2195 niterentur.

86 2236 104 2271 ἰ
116 2235 148 2273 ne
159 2221 333 2279 eonemitteret,
349 2225 377 2269 nt
390 2222 414 2270 is
429 2220 507 2279 loeus,
523 2220 568 2269 abi
583 2220 754 2270 constitissent
784 2232 807 2244 ’-

92 2296 166 2346 ritate
182 2295 271 2348 nauali
285 2293 395 2345 Romani
407 2300 430 2345 et
440 2296 565 2344 interne*
