1988 3594
99 587 153 642 llll)
397 595 446 639 DE
464 596 588 641 BELLO

97 701 126 746 ut
140 693 262 764 superius
276 692 523 760 demonstravimus,
544 695 598 751 loca
612 694 763 750 excellentia
781 694 892 751 tumulis

97 768 237 833 contineri;
258 768 362 823 interim
373 768 445 825 nulla
455 770 563 842 planitia
572 770 676 825 dividit.

152 842 253 897 XXIX.
274 843 325 899 Sed
337 845 436 899 ratione
444 845 518 901 nulla
527 845 711 918 placuittaoeri
721 845 758 909 id,
779 844 852 917 quod
863 862 893 899 eo

97 917 189 971 incidit
198 926 320 990 tempore.
335 919 457 975 Planities
467 920 650 993 interutraquo
659 928 741 975 castra
750 920 893 993 intercede·

96 993 149 1057 bat,
157 993 257 1048 circiter
266 994 348 1048 millia
358 1012 487 1066 passuum
498 997 624 1068 quinque,
632 1004 662 1051 ut
671 994 769 1051 auxilia
776 996 892 1067 Pompeii

97 1066 201 1122 duabus
210 1068 408 1125 defenderentur
418 1071 506 1136 rebus,
528 1071 618 1144 oppidi
631 1071 726 1126 excelsi
740 1079 766 1124 et
781 1071 828 1125 loci
845 1088 895 1125 na-

97 1151 163 1197 tura.
177 1144 244 1198 llinc
251 1143 368 1217 dirigens
378 1146 497 1217 proxima
507 1146 629 1219 planities
639 1146 808 1220 aequabatur,
816 1146 893 1200 cuius

97 1216 238 1273 decursum
256 1220 421 1275 antecedebat
439 1221 522 1286 rivus,
544 1223 591 1294 qui
607 1221 640 1276 ad
653 1240 743 1277 eorum
757 1238 891 1276 accessum

97 1311 230 1348 summam
250 1295 377 1350 eiliciebat
394 1295 443 1350 loci
462 1297 641 1369 iniquitatem:
664 1314 724 1352 nam
744 1295 854 1368 palustri
869 1305 894 1350 et

98 1371 253 1443 voraginoso
266 1370 322 1426 solo
340 1388 447 1426 currens
463 1380 518 1426 erat
531 1372 564 1427 ad
576 1372 708 1427 doxtrum.
733 1371 766 1425 Et
785 1371 890 1437 Caesar,

97 1462 182 1516 quum
192 1446 525 1512 aciemdireotamvidisset,
535 1465 584 1503 non
594 1447 688 1503 habuit
696 1447 893 1519 dubium,quin

18 1514 27 1535 '
97 1520 182 1574 media
196 1520 303 1591 planitie
319 1522 347 1577 in
365 1540 479 1594 aequum
499 1522 533 1576 ad
550 1523 731 1578 dimicandum
750 1522 892 1577 adversarii

96 1595 269 1666 procederent.
291 1598 406 1652 llocerat
416 1598 442 1653 in
453 1598 572 1653 omnium
584 1605 734 1670 conspectu.
754 1599 811 1652 lluo
821 1615 893 1652 aoce-

97 1670 182 1735 debat,
204 1680 233 1725 ut
243 1670 315 1726 locus
324 1671 369 1726 illa
382 1673 490 1745 planitie
508 1675 654 1745 equitatum
668 1680 779 1738 ornaret,
801 1680 826 1728 et
841 1674 893 1728 diei

97 1745 214 1817 solisque
232 1748 369 1816 serenitas;
391 1756 420 1802 ut
430 1749 572 1803 mirificum
586 1758 611 1804 et
623 1748 766 1820 optandum
787 1757 893 1820 tempus

97 1837 177 1893 prope
186 1822 219 1876 ab
229 1821 280 1876 diis
291 1823 481 1878 immortalibus
491 1824 558 1878 illud
566 1825 694 1879 tributum
704 1831 771 1878 esset
779 1823 894 1894 adproe-

98 1896 164 1951 lium
173 1898 400 1954 committendum.
421 1900 508 1954 Nostri
518 1899 615 1965 laetari,
633 1899 754 1956 nonnulli
766 1899 843 1954 etiarn
859 1901 893 1953 ti·
929 1956 932 1961 ,

97 1989 176 2037 mere,
190 1973 261 2044 quod
271 1974 298 2029 in
309 1992 371 2029 eum
381 1973 466 2029 l‘ocum
476 1993 517 2029 res
529 1974 700 2048 fortunaeque
713 1976 833 2030 omnium
847 1975 894 2030 de-

97 2047 262 2114 ducerentur,
277 2057 316 2113 ut,
332 2050 464 2121 quidquid
477 2058 535 2121 post
549 2051 641 2106 horam
655 2069 731 2106 casus
746 2051 890 2118 tribuisset,

97 2124 125 2177 in
136 2122 218 2177 dubio
226 2132 375 2194 poneretur.
396 2125 485 2196 ltaque
495 2127 576 2180 nostri
589 2127 622 2181 ad
637 2126 816 2182 dimicandum
832 2144 892 2198 pro-

94 2199 201 2261 cedunt,
215 2198 242 2253 id
252 2199 323 2270 quod
331 2199 493 2255 adversarios
506 2201 723 2257 existimabamus
738 2219 795 2256 esse
808 2201 893 2256 factu-

98 2291 153 2340 ros;
175 2273 222 2346 qui
233 2282 318 2329 tamen
330 2293 344 2329 a
354 2276 500 2330 munitione
509 2277 597 2348 oppidi
612 2277 685 2333 mille
698 2277 821 2349 passibus
835 2276 893 2332 lon-

97 2350 158 2423 gius
169 2366 221 2404 non
231 2349 362 2405 audebant
370 2350 519 2422 procedere:
533 2355 559 2407 in
571 2369 624 2424 quo
633 2353 685 2407 sibi
695 2369 775 2424 prope
784 2371 891 2409 murum

98 2423 240 2480 adversarii
261 2425 442 2498 proeliandum
464 2427 665 2482 constituebant.
698 2430 788 2501 ltaque
810 2431 892 2484 nostri

98 2501 250 2572 procedunt.
271 2501 404 2557 Interdum
414 2502 532 2573 aequitas
550 2502 599 2559 loci
617 2503 779 2558 adversarios
793 2503 894 2578 eillagi-

98 2578 177 2640 tabat,
190 2585 218 2630 ut
228 2576 272 2632 tali
282 2577 429 2632 conditione
437 2578 621 2633 contenderent
631 2579 663 2632 ad
677 2578 825 2634 victoriam:
848 2597 894 2633 ne-

99 2669 151 2723 que
161 2658 247 2706 tamen
258 2652 295 2705 illi
308 2672 379 2707 nsua
388 2653 576 2708 consuetudine
585 2654 751 2720 decedebant,
763 2662 793 2708 ut
803 2661 848 2709 aut
859 2655 892 2709 ab

98 2727 200 2782 excelso
214 2726 277 2791 loco,
295 2734 340 2781 aut
355 2728 388 2780 ab
405 2729 501 2799 oppido
521 2728 690 2784 discederent.
720 2729 807 2784 Nostri
827 2729 893 2800 pede

99 2819 189 2874 presso
198 2803 306 2875 propius
317 2802 404 2858 rivum
419 2821 503 2875 quum
518 2804 779 2875 adpropinquassent,
800 2804 894 2859 adver-

99 2879 162 2932 sarii
172 2878 327 2950 patrocinari
338 2878 393 2933 looo
403 2879 495 2950 iniquo
504 2895 557 2933 non
568 2879 701 2934 desinunt.

154 2954 244 3008 XXX.
264 2954 326 3008 Erat
340 2953 584 3025 acieleIlaquilis
603 2955 750 3018 constituta,
772 2970 840 3024 quae
856 2953 894 3009 la-

100 3029 199 3083 teribus
209 3030 325 3100 equitatu
335 3030 478 3102 tegebatur,
493 3047 554 3083 cum
565 3029 616 3084 levi
630 3038 759 3084 armatura
775 3029 895 3084 millibus

101 3120 161 3158 sex:
175 3112 304 3177 praeterea
315 3104 456 3160 auxiliares
466 3103 621 3159 accedebant
629 3122 710 3178 prope
719 3104 830 3160 alterum
836 3112 895 3161 tan·
