<?xml version="1.0" encoding="UTF-8"?>
<!DOCTYPE html PUBLIC "-//W3C//DTD XHTML 1.0 Transitional//EN"
    "http://www.w3.org/TR/xhtml1/DTD/xhtml1-transitional.dtd">
<html xmlns="http://www.w3.org/1999/xhtml" xml:lang="en" lang="en">
 <head>
  <title>
</title>
<meta http-equiv="Content-Type" content="text/html;charset=utf-8" />
  <meta name='ocr-system' content='tesseract 3.04.00' />
  <meta name='ocr-capabilities' content='ocr_page ocr_carea ocr_par ocr_line ocrx_word'/>
</head>
<body>
  <div class='ocr_page' id='page_1' title='image "./ciuliicaesarisc00caesgoog_0508.png"; bbox 0 0 1988 3594; ppageno 0'>
   <div class='ocr_carea' id='block_1_1' title="bbox 23 545 510 599">
    <p class='ocr_par' dir='ltr' id='par_1_1' title="bbox 23 545 510 599">
     <span class='ocr_line' id='line_1_1' title="bbox 23 545 510 599; baseline -0.018 0"><span class='ocrx_word' id='word_1_1' title='bbox 23 545 73 599; x_wconf 77' lang='lat' dir='ltr'><strong><em>tut</em></strong></span> <span class='ocrx_word' id='word_1_2' title='bbox 320 550 369 594; x_wconf 78' lang='lat' dir='ltr'><strong><em>uu</em></strong></span> <span class='ocrx_word' id='word_1_3' title='bbox 388 547 510 592; x_wconf 75' lang='lat' dir='ltr'><strong><em>nunno</em></strong></span> 
     </span>
    </p>
   </div>
   <div class='ocr_carea' id='block_1_2' title="bbox 0 640 876 3087">
    <p class='ocr_par' dir='ltr' id='par_1_2' title="bbox 23 640 819 723">
     <span class='ocr_line' id='line_1_2' title="bbox 23 640 819 723; baseline -0.015 -17"><span class='ocrx_word' id='word_1_4' title='bbox 23 653 121 723; x_wconf 86' lang='lat' dir='ltr'><strong><em>quibus</em></strong></span> <span class='ocrx_word' id='word_1_5' title='bbox 139 654 265 723; x_wconf 86' lang='lat' dir='ltr'><strong><em>scriptum</em></strong></span> <span class='ocrx_word' id='word_1_6' title='bbox 277 660 317 706; x_wconf 86' lang='lat' dir='ltr'><strong><em>est</em></strong></span> <span class='ocrx_word' id='word_1_7' title='bbox 335 651 487 705; x_wconf 88' lang='lat' dir='ltr'><strong><em>inventum:</em></strong></span> <span class='ocrx_word' id='word_1_8' title='bbox 512 647 541 699; x_wconf 83' lang='lat' dir='ltr'><strong><em>t.</em></strong></span> <span class='ocrx_word' id='word_1_9' title='bbox 556 645 687 700; x_wconf 82' lang='lat' dir='ltr'><strong><em>Minettus</em></strong></span> <span class='ocrx_word' id='word_1_10' title='bbox 701 640 819 698; x_wconf 67' lang='lat' dir='ltr'><strong><em>Comei.</em></strong></span> 
     </span>
    </p>

    <p class='ocr_par' dir='ltr' id='par_1_3' title="bbox 24 720 822 793">
     <span class='ocr_line' id='line_1_3' title="bbox 24 720 822 793; baseline -0.016 -11"><span class='ocrx_word' id='word_1_11' title='bbox 24 728 54 782; x_wconf 82' lang='lat' dir='ltr'><strong><em>st</em></strong></span> <span class='ocrx_word' id='word_1_12' title='bbox 71 733 132 782; x_wconf 84' lang='lat' dir='ltr'><strong><em>miti</em></strong></span> <span class='ocrx_word' id='word_1_13' title='bbox 150 734 230 784; x_wconf 83' lang='lat' dir='ltr'><strong><em>oitom</em></strong></span> <span class='ocrx_word' id='word_1_14' title='bbox 249 731 358 790; x_wconf 80' lang='lat' dir='ltr'><strong><em>tribues,</em></strong></span> <span class='ocrx_word' id='word_1_15' title='bbox 380 729 500 793; x_wconf 83' lang='lat' dir='ltr'><strong><em>quonium</em></strong></span> <span class='ocrx_word' id='word_1_16' title='bbox 518 725 550 775; x_wconf 82' lang='lat' dir='ltr'><strong><em>ab</em></strong></span> <span class='ocrx_word' id='word_1_17' title='bbox 567 720 614 774; x_wconf 90' lang='lat' dir='ltr'><strong><em>Cn.</em></strong></span> <span class='ocrx_word' id='word_1_18' title='bbox 631 720 753 787; x_wconf 81' lang='lat' dir='ltr'><strong><em>Pompeio</em></strong></span> <span class='ocrx_word' id='word_1_19' title='bbox 767 732 822 771; x_wconf 84' lang='lat' dir='ltr'><strong><em>sunt</em></strong></span> 
     </span>
    </p>

    <p class='ocr_par' dir='ltr' id='par_1_4' title="bbox 23 799 871 872">
     <span class='ocr_line' id='line_1_4' title="bbox 23 799 871 872; baseline -0.011 -18"><span class='ocrx_word' id='word_1_20' title='bbox 23 807 145 865; x_wconf 79' lang='lat' dir='ltr'><strong><em>desertus,</em></strong></span> <span class='ocrx_word' id='word_1_21' title='bbox 165 806 314 872; x_wconf 82' lang='lat' dir='ltr'><strong><em>quaternme</em></strong></span> <span class='ocrx_word' id='word_1_22' title='bbox 323 805 364 854; x_wconf 83' lang='lat' dir='ltr'><strong><em>un</em></strong></span> <span class='ocrx_word' id='word_1_23' title='bbox 372 802 499 868; x_wconf 82' lang='lat' dir='ltr'><strong><em>praestiti,</em></strong></span> <span class='ocrx_word' id='word_1_24' title='bbox 520 799 597 849; x_wconf 85' lang='lat' dir='ltr'><strong><em>tutem</em></strong></span> <span class='ocrx_word' id='word_1_25' title='bbox 610 800 708 848; x_wconf 83' lang='lat' dir='ltr'><strong><em>virtuto</em></strong></span> <span class='ocrx_word' id='word_1_26' title='bbox 723 801 749 847; x_wconf 87' lang='lat' dir='ltr'><strong><em>et</em></strong></span> <span class='ocrx_word' id='word_1_27' title='bbox 762 808 823 847; x_wconf 85' lang='lat' dir='ltr'><strong><em>con-</em></strong></span> <span class='ocrx_word' id='word_1_28' title='bbox 867 802 871 809; x_wconf 92' lang='lat'>&#39;</span> 
     </span>
    </p>

    <p class='ocr_par' dir='ltr' id='par_1_5' title="bbox 23 869 875 1318">
     <span class='ocr_line' id='line_1_5' title="bbox 23 869 824 946; baseline -0.012 -16"><span class='ocrx_word' id='word_1_29' title='bbox 23 884 121 932; x_wconf 78' lang='lat' dir='ltr'><strong><em>sturetiu</em></strong></span> <span class='ocrx_word' id='word_1_30' title='bbox 140 884 257 946; x_wconf 79' lang='lat' dir='ltr'><strong><em>[uturum</em></strong></span> <span class='ocrx_word' id='word_1_31' title='bbox 270 896 309 930; x_wconf 87' lang='lat' dir='ltr'><strong><em>me</em></strong></span> <span class='ocrx_word' id='word_1_32' title='bbox 328 881 356 929; x_wconf 87' lang='lat' dir='ltr'><strong><em>in</em></strong></span> <span class='ocrx_word' id='word_1_33' title='bbox 372 884 394 928; x_wconf 87' lang='lat' dir='ltr'><strong><em>te</em></strong></span> <span class='ocrx_word' id='word_1_34' title='bbox 409 875 556 942; x_wconf 75' lang='lat' dir='ltr'><strong><em>praestabo.</em></strong></span> <span class='ocrx_word' id='word_1_35' title='bbox 584 869 686 924; x_wconf 87' lang='lat' dir='ltr'><strong><em>Eodem</em></strong></span> <span class='ocrx_word' id='word_1_36' title='bbox 706 875 824 938; x_wconf 80' lang='lat' dir='ltr'><strong><em>temporo</em></strong></span> 
     </span>
     <span class='ocr_line' id='line_1_6' title="bbox 25 941 875 1023; baseline -0.013 -19"><span class='ocrx_word' id='word_1_37' title='bbox 25 953 215 1022; x_wconf 81' lang='lat' dir='ltr'><strong>oppidanorum</strong></span> <span class='ocrx_word' id='word_1_38' title='bbox 227 951 313 1023; x_wconf 81' lang='lat' dir='ltr'><strong><em>legati.</em></strong></span> <span class='ocrx_word' id='word_1_39' title='bbox 325 950 372 1020; x_wconf 90' lang='lat' dir='ltr'><strong><em>qui</em></strong></span> <span class='ocrx_word' id='word_1_40' title='bbox 382 957 456 1002; x_wconf 81' lang='lat' dir='ltr'><strong><em>anton</em></strong></span> <span class='ocrx_word' id='word_1_41' title='bbox 467 947 593 1008; x_wconf 80' lang='lat' dir='ltr'><strong><em>exierunt,</em></strong></span> <span class='ocrx_word' id='word_1_42' title='bbox 602 946 742 1000; x_wconf 78' lang='lat' dir='ltr'><strong><em>Caesarem</em></strong></span> <span class='ocrx_word' id='word_1_43' title='bbox 753 941 826 996; x_wconf 83' lang='lat' dir='ltr'><strong><em>sdic·</em></strong></span> <span class='ocrx_word' id='word_1_44' title='bbox 858 972 875 993; x_wconf 73' lang='grc'><strong><em>.-</em></strong></span> 
     </span>
     <span class='ocr_line' id='line_1_7' title="bbox 25 1020 868 1088; baseline -0.012 -10"><span class='ocrx_word' id='word_1_45' title='bbox 25 1035 95 1088; x_wconf 87' lang='lat' dir='ltr'><strong><em>runt,</em></strong></span> <span class='ocrx_word' id='word_1_46' title='bbox 108 1031 192 1080; x_wconf 75' lang='lat' dir='ltr'><strong><em>sisini</em></strong></span> <span class='ocrx_word' id='word_1_47' title='bbox 205 1033 286 1080; x_wconf 85' lang='lat' dir='ltr'><strong><em>oitom</em></strong></span> <span class='ocrx_word' id='word_1_48' title='bbox 296 1029 450 1086; x_wconf 74' lang='lat' dir='ltr'><strong><em>concederet,</em></strong></span> <span class='ocrx_word' id='word_1_49' title='bbox 466 1039 520 1074; x_wconf 82' lang='lat' dir='ltr'><strong><em>sese</em></strong></span> <span class='ocrx_word' id='word_1_50' title='bbox 536 1025 679 1088; x_wconf 77' lang='lat' dir='ltr'><strong><em>insequenti</em></strong></span> <span class='ocrx_word' id='word_1_51' title='bbox 692 1023 736 1072; x_wconf 83' lang='lat' dir='ltr'><strong><em>dis</em></strong></span> <span class='ocrx_word' id='word_1_52' title='bbox 750 1020 826 1085; x_wconf 82' lang='lat' dir='ltr'><strong><em>oppi-</em></strong></span> <span class='ocrx_word' id='word_1_53' title='bbox 864 1042 868 1051; x_wconf 92' lang='lat'><em>·</em></span> 
     </span>
     <span class='ocr_line' id='line_1_8' title="bbox 25 1094 869 1166; baseline -0.011 -13"><span class='ocrx_word' id='word_1_54' title='bbox 25 1104 85 1154; x_wconf 84' lang='lat' dir='ltr'><strong><em>dum</em></strong></span> <span class='ocrx_word' id='word_1_55' title='bbox 96 1119 148 1154; x_wconf 86' lang='lat' dir='ltr'><strong><em>esse</em></strong></span> <span class='ocrx_word' id='word_1_56' title='bbox 157 1105 299 1154; x_wconf 84' lang='lat' dir='ltr'><strong><em>dedituros.</em></strong></span> <span class='ocrx_word' id='word_1_57' title='bbox 320 1099 423 1164; x_wconf 81' lang='lat' dir='ltr'><strong>Quibus</strong></span> <span class='ocrx_word' id='word_1_58' title='bbox 433 1094 576 1166; x_wconf 78' lang='lat' dir='ltr'><strong><em>respondit,</em></strong></span> <span class='ocrx_word' id='word_1_59' title='bbox 588 1094 764 1149; x_wconf 82' lang='lat' dir='ltr'><strong><em>seGoesurem</em></strong></span> <span class='ocrx_word' id='word_1_60' title='bbox 773 1107 826 1146; x_wconf 76' lang='lat' dir='ltr'><strong><em>esso</em></strong></span> <span class='ocrx_word' id='word_1_61' title='bbox 866 1102 869 1107; x_wconf 89' lang='lat'>&#39;</span> 
     </span>
     <span class='ocr_line' id='line_1_9' title="bbox 26 1168 827 1242; baseline -0.007 -15"><span class='ocrx_word' id='word_1_62' title='bbox 26 1178 148 1242; x_wconf 74' lang='lat' dir='ltr'><strong><em>fidemque</em></strong></span> <span class='ocrx_word' id='word_1_63' title='bbox 160 1184 363 1242; x_wconf 80' lang='lat' dir='ltr'><strong><em>praestaturum.</em></strong></span> <span class='ocrx_word' id='word_1_64' title='bbox 388 1175 434 1235; x_wconf 84' lang='lat' dir='ltr'><strong><em>Ita,</em></strong></span> <span class='ocrx_word' id='word_1_65' title='bbox 447 1189 471 1224; x_wconf 87' lang='lat' dir='ltr'><strong><em>a.</em></strong></span> <span class='ocrx_word' id='word_1_66' title='bbox 484 1169 511 1223; x_wconf 85' lang='lat' dir='ltr'><strong><em>d.</em></strong></span> <span class='ocrx_word' id='word_1_67' title='bbox 526 1170 572 1222; x_wconf 83' lang='lat' dir='ltr'><strong><em>Xi.</em></strong></span> <span class='ocrx_word' id='word_1_68' title='bbox 584 1168 644 1222; x_wconf 85' lang='lat' dir='ltr'><strong>Kal.</strong></span> <span class='ocrx_word' id='word_1_69' title='bbox 656 1168 766 1222; x_wconf 79' lang='lat' dir='ltr'><strong><em>Martias</em></strong></span> <span class='ocrx_word' id='word_1_70' title='bbox 780 1183 827 1238; x_wconf 89' lang='lat' dir='ltr'><strong><em>op·</em></strong></span> 
     </span>
     <span class='ocr_line' id='line_1_10' title="bbox 26 1244 572 1318; baseline -0.007 -18"><span class='ocrx_word' id='word_1_71' title='bbox 26 1249 88 1318; x_wconf 92' lang='lat' dir='ltr'><strong><em>pido</em></strong></span> <span class='ocrx_word' id='word_1_72' title='bbox 99 1250 205 1318; x_wconf 63' lang='lat' dir='ltr'><strong><em>potitus</em></strong></span> <span class='ocrx_word' id='word_1_73' title='bbox 218 1249 359 1317; x_wconf 86' lang='lat' dir='ltr'><strong><em>imperator</em></strong></span> <span class='ocrx_word' id='word_1_74' title='bbox 367 1254 407 1300; x_wconf 87' lang='lat' dir='ltr'><strong><em>est</em></strong></span> <span class='ocrx_word' id='word_1_75' title='bbox 416 1244 572 1315; x_wconf 84' lang='lat' dir='ltr'><strong><em>adpeiiutus.</em></strong></span> 
     </span>
    </p>

    <p class='ocr_par' dir='ltr' id='par_1_6' title="bbox 19 1317 876 2208">
     <span class='ocr_line' id='line_1_11' title="bbox 82 1317 829 1391; baseline -0.005 -16"><span class='ocrx_word' id='word_1_76' title='bbox 82 1323 141 1375; x_wconf 84' lang='lat' dir='ltr'><strong><em>XX.</em></strong></span> <span class='ocrx_word' id='word_1_77' title='bbox 162 1322 238 1386; x_wconf 89' lang='lat' dir='ltr'><strong><em>Quod</em></strong></span> <span class='ocrx_word' id='word_1_78' title='bbox 250 1324 390 1391; x_wconf 86' lang='lat' dir='ltr'><strong><em>Pompeius</em></strong></span> <span class='ocrx_word' id='word_1_79' title='bbox 400 1339 433 1374; x_wconf 84' lang='lat' dir='ltr'><strong><em>ex</em></strong></span> <span class='ocrx_word' id='word_1_80' title='bbox 442 1318 559 1391; x_wconf 81' lang='lat' dir='ltr'><strong><em>perfugis</em></strong></span> <span class='ocrx_word' id='word_1_81' title='bbox 567 1335 651 1389; x_wconf 90' lang='lat' dir='ltr'><strong><em>quum</em></strong></span> <span class='ocrx_word' id='word_1_82' title='bbox 664 1317 829 1372; x_wconf 87' lang='lat' dir='ltr'><strong><em>deditionem</em></strong></span> 
     </span>
     <span class='ocr_line' id='line_1_12' title="bbox 27 1386 874 1465; baseline -0.004 -17"><span class='ocrx_word' id='word_1_83' title='bbox 27 1397 114 1465; x_wconf 80' lang='lat' dir='ltr'><strong><em>oppidi</em></strong></span> <span class='ocrx_word' id='word_1_84' title='bbox 127 1395 219 1448; x_wconf 78' lang='lat' dir='ltr'><strong><em>suctum</em></strong></span> <span class='ocrx_word' id='word_1_85' title='bbox 230 1413 287 1449; x_wconf 88' lang='lat' dir='ltr'><strong><em>esse</em></strong></span> <span class='ocrx_word' id='word_1_86' title='bbox 298 1397 398 1457; x_wconf 83' lang='lat' dir='ltr'><strong><em>scisset,</em></strong></span> <span class='ocrx_word' id='word_1_87' title='bbox 410 1402 492 1447; x_wconf 86' lang='lat' dir='ltr'><strong><em>castra</em></strong></span> <span class='ocrx_word' id='word_1_88' title='bbox 503 1395 586 1446; x_wconf 89' lang='lat' dir='ltr'><strong><em>movit</em></strong></span> <span class='ocrx_word' id='word_1_89' title='bbox 595 1392 709 1446; x_wconf 83' lang='lat' dir='ltr'><strong><em>Ucubim</em></strong></span> <span class='ocrx_word' id='word_1_90' title='bbox 718 1408 827 1456; x_wconf 56' lang='lat' dir='ltr'><strong><em>versun</em></strong></span> <span class='ocrx_word' id='word_1_91' title='bbox 869 1386 874 1397; x_wconf 82' lang='lat'>&#39;</span> 
     </span>
     <span class='ocr_line' id='line_1_13' title="bbox 27 1467 876 1541; baseline 0 -20"><span class='ocrx_word' id='word_1_92' title='bbox 27 1479 51 1522; x_wconf 86' lang='lat' dir='ltr'><strong><em>et</em></strong></span> <span class='ocrx_word' id='word_1_93' title='bbox 61 1471 158 1522; x_wconf 90' lang='lat' dir='ltr'><strong><em>circum</em></strong></span> <span class='ocrx_word' id='word_1_94' title='bbox 174 1487 202 1521; x_wconf 82' lang='lat' dir='ltr'><strong><em>ea</em></strong></span> <span class='ocrx_word' id='word_1_95' title='bbox 213 1470 269 1522; x_wconf 80' lang='lat' dir='ltr'><strong><em>loce</em></strong></span> <span class='ocrx_word' id='word_1_96' title='bbox 286 1469 391 1522; x_wconf 76' lang='lat' dir='ltr'><strong><em>castella</em></strong></span> <span class='ocrx_word' id='word_1_97' title='bbox 406 1467 537 1538; x_wconf 87' lang='lat' dir='ltr'><strong><em>disposuit</em></strong></span> <span class='ocrx_word' id='word_1_98' title='bbox 549 1475 574 1520; x_wconf 90' lang='lat' dir='ltr'><strong><em>et</em></strong></span> <span class='ocrx_word' id='word_1_99' title='bbox 588 1468 788 1521; x_wconf 83' lang='lat' dir='ltr'><strong><em>munitionibus</em></strong></span> <span class='ocrx_word' id='word_1_100' title='bbox 802 1483 832 1521; x_wconf 85' lang='lat' dir='ltr'><strong><em>so</em></strong></span> <span class='ocrx_word' id='word_1_101' title='bbox 873 1532 876 1541; x_wconf 41' lang='grc' dir='ltr'>Ι</span> 
     </span>
     <span class='ocr_line' id='line_1_14' title="bbox 28 1541 872 1613; baseline -0.001 -16"><span class='ocrx_word' id='word_1_102' title='bbox 28 1544 159 1597; x_wconf 89' lang='lat' dir='ltr'><strong><em>continere</em></strong></span> <span class='ocrx_word' id='word_1_103' title='bbox 168 1550 259 1613; x_wconf 77' lang='lat' dir='ltr'><strong><em>coepit.</em></strong></span> <span class='ocrx_word' id='word_1_104' title='bbox 289 1544 383 1597; x_wconf 77' lang='lat' dir='ltr'><strong><em>Cacsar</em></strong></span> <span class='ocrx_word' id='word_1_105' title='bbox 397 1544 478 1596; x_wconf 89' lang='lat' dir='ltr'><strong><em>movit</em></strong></span> <span class='ocrx_word' id='word_1_106' title='bbox 487 1548 512 1594; x_wconf 87' lang='lat' dir='ltr'><strong><em>et</em></strong></span> <span class='ocrx_word' id='word_1_107' title='bbox 522 1541 630 1611; x_wconf 87' lang='lat' dir='ltr'><strong><em>propius</em></strong></span> <span class='ocrx_word' id='word_1_108' title='bbox 642 1549 726 1596; x_wconf 82' lang='lat' dir='ltr'><strong><em>cestra</em></strong></span> <span class='ocrx_word' id='word_1_109' title='bbox 736 1542 832 1596; x_wconf 83' lang='lat' dir='ltr'><strong><em>cestris</em></strong></span> <span class='ocrx_word' id='word_1_110' title='bbox 863 1548 872 1567; x_wconf 77' lang='grc'><strong>“</strong></span> 
     </span>
     <span class='ocr_line' id='line_1_15' title="bbox 28 1615 834 1690; baseline 0.001 -19"><span class='ocrx_word' id='word_1_111' title='bbox 28 1616 146 1671; x_wconf 81' lang='lat' dir='ltr'><strong><em>contulit.</em></strong></span> <span class='ocrx_word' id='word_1_112' title='bbox 167 1617 265 1671; x_wconf 84' lang='lat' dir='ltr'><strong><em>Eodem</em></strong></span> <span class='ocrx_word' id='word_1_113' title='bbox 278 1627 392 1687; x_wconf 90' lang='lat' dir='ltr'><strong><em>tempore</em></strong></span> <span class='ocrx_word' id='word_1_114' title='bbox 401 1633 479 1670; x_wconf 81' lang='lat' dir='ltr'><strong><em>mane</em></strong></span> <span class='ocrx_word' id='word_1_115' title='bbox 489 1615 611 1669; x_wconf 82' lang='lat' dir='ltr'><strong><em>loricatus</em></strong></span> <span class='ocrx_word' id='word_1_116' title='bbox 621 1634 694 1671; x_wconf 91' lang='lat' dir='ltr'><strong><em>unus</em></strong></span> <span class='ocrx_word' id='word_1_117' title='bbox 703 1634 738 1671; x_wconf 85' lang='lat' dir='ltr'><strong><em>ex</em></strong></span> <span class='ocrx_word' id='word_1_118' title='bbox 750 1617 834 1690; x_wconf 75' lang='lat' dir='ltr'><strong><em>legio·</em></strong></span> 
     </span>
     <span class='ocr_line' id='line_1_16' title="bbox 31 1689 832 1764; baseline 0 -19"><span class='ocrx_word' id='word_1_119' title='bbox 31 1710 62 1745; x_wconf 90' lang='lat' dir='ltr'><strong><em>ne</em></strong></span> <span class='ocrx_word' id='word_1_120' title='bbox 72 1689 211 1744; x_wconf 84' lang='lat' dir='ltr'><strong><em>vernacule</em></strong></span> <span class='ocrx_word' id='word_1_121' title='bbox 223 1691 257 1745; x_wconf 85' lang='lat' dir='ltr'><strong><em>ed</em></strong></span> <span class='ocrx_word' id='word_1_122' title='bbox 267 1708 315 1745; x_wconf 93' lang='lat' dir='ltr'><strong><em>uos</em></strong></span> <span class='ocrx_word' id='word_1_123' title='bbox 324 1691 467 1764; x_wconf 76' lang='lat' dir='ltr'><strong><em>transfugit</em></strong></span> <span class='ocrx_word' id='word_1_124' title='bbox 476 1701 501 1744; x_wconf 90' lang='lat' dir='ltr'><strong><em>et</em></strong></span> <span class='ocrx_word' id='word_1_125' title='bbox 508 1692 655 1755; x_wconf 83' lang='lat' dir='ltr'><strong><em>nunciavit,</em></strong></span> <span class='ocrx_word' id='word_1_126' title='bbox 673 1692 832 1762; x_wconf 84' lang='lat' dir='ltr'><strong><em>Pompeium</em></strong></span> 
     </span>
     <span class='ocr_line' id='line_1_17' title="bbox 29 1764 869 1836; baseline 0 -16"><span class='ocrx_word' id='word_1_127' title='bbox 29 1764 330 1835; x_wconf 81' lang='lat' dir='ltr'><strong><em>oppidanosUcubenses</em></strong></span> <span class='ocrx_word' id='word_1_128' title='bbox 339 1782 495 1819; x_wconf 85' lang='lat' dir='ltr'><strong><em>convocasse</em></strong></span> <span class='ocrx_word' id='word_1_129' title='bbox 504 1765 636 1836; x_wconf 88' lang='lat' dir='ltr'><strong><em>eisqueita</em></strong></span> <span class='ocrx_word' id='word_1_130' title='bbox 645 1766 832 1836; x_wconf 83' lang='lat' dir='ltr'><strong><em>imperavisse,</em></strong></span> <span class='ocrx_word' id='word_1_131' title='bbox 866 1804 869 1809; x_wconf 91' lang='lat'>-</span> 
     </span>
     <span class='ocr_line' id='line_1_18' title="bbox 29 1836 873 1911; baseline 0.004 -18"><span class='ocrx_word' id='word_1_132' title='bbox 29 1849 68 1899; x_wconf 87' lang='lat' dir='ltr'><strong><em>ut,</em></strong></span> <span class='ocrx_word' id='word_1_133' title='bbox 81 1836 216 1907; x_wconf 80' lang='lat' dir='ltr'><strong><em>diligentia</em></strong></span> <span class='ocrx_word' id='word_1_134' title='bbox 226 1838 353 1904; x_wconf 83' lang='lat' dir='ltr'><strong><em>adhibite,</em></strong></span> <span class='ocrx_word' id='word_1_135' title='bbox 361 1840 550 1911; x_wconf 84' lang='lat' dir='ltr'><strong><em>perquirerent,</em></strong></span> <span class='ocrx_word' id='word_1_136' title='bbox 563 1840 611 1910; x_wconf 92' lang='lat' dir='ltr'><strong><em>qui</em></strong></span> <span class='ocrx_word' id='word_1_137' title='bbox 622 1848 710 1894; x_wconf 86' lang='lat' dir='ltr'><strong><em>essent</em></strong></span> <span class='ocrx_word' id='word_1_138' title='bbox 719 1854 834 1896; x_wconf 82' lang='lat' dir='ltr'><strong><em>suarum</em></strong></span> <span class='ocrx_word' id='word_1_139' title='bbox 870 1900 873 1909; x_wconf 64' lang='grc'>,</span> 
     </span>
     <span class='ocr_line' id='line_1_19' title="bbox 26 1912 836 1991; baseline 0.005 -24"><span class='ocrx_word' id='word_1_140' title='bbox 26 1912 145 1991; x_wconf 86' lang='lat' dir='ltr'><strong><em>partium</em></strong></span> <span class='ocrx_word' id='word_1_141' title='bbox 156 1912 273 1984; x_wconf 84' lang='lat' dir='ltr'><strong><em>itemque</em></strong></span> <span class='ocrx_word' id='word_1_142' title='bbox 282 1915 492 1968; x_wconf 85' lang='lat' dir='ltr'><strong><em>adversariorum</em></strong></span> <span class='ocrx_word' id='word_1_143' title='bbox 501 1914 624 1968; x_wconf 84' lang='lat' dir='ltr'><strong><em>victorine</em></strong></span> <span class='ocrx_word' id='word_1_144' title='bbox 632 1914 758 1970; x_wconf 74' lang='lat' dir='ltr'><strong><em>fautores.</em></strong></span> <span class='ocrx_word' id='word_1_145' title='bbox 781 1919 836 1971; x_wconf 83' lang='lat' dir='ltr'><strong><em>Hoc</em></strong></span> 
     </span>
     <span class='ocr_line' id='line_1_20' title="bbox 25 1984 836 2067; baseline 0.009 -28"><span class='ocrx_word' id='word_1_146' title='bbox 25 1984 167 2067; x_wconf 81' lang='lat' dir='ltr'><strong><em>praeterito</em></strong></span> <span class='ocrx_word' id='word_1_147' title='bbox 177 1995 302 2057; x_wconf 84' lang='lat' dir='ltr'><strong><em>tempore,</em></strong></span> <span class='ocrx_word' id='word_1_148' title='bbox 315 1989 343 2041; x_wconf 94' lang='lat' dir='ltr'><strong><em>in</em></strong></span> <span class='ocrx_word' id='word_1_149' title='bbox 352 1988 457 2057; x_wconf 87' lang='lat' dir='ltr'><strong><em>oppido,</em></strong></span> <span class='ocrx_word' id='word_1_150' title='bbox 469 1987 541 2056; x_wconf 89' lang='lat' dir='ltr'><strong><em>quod</em></strong></span> <span class='ocrx_word' id='word_1_151' title='bbox 549 1987 597 2040; x_wconf 81' lang='lat' dir='ltr'><strong><em>tuit</em></strong></span> <span class='ocrx_word' id='word_1_152' title='bbox 608 1997 725 2058; x_wconf 81' lang='lat' dir='ltr'><strong><em>captum,</em></strong></span> <span class='ocrx_word' id='word_1_153' title='bbox 738 2009 836 2046; x_wconf 85' lang='lat' dir='ltr'><strong><em>servus</em></strong></span> 
     </span>
     <span class='ocr_line' id='line_1_21' title="bbox 22 2059 839 2130; baseline 0.004 -15"><span class='ocrx_word' id='word_1_154' title='bbox 22 2070 72 2125; x_wconf 68' lang='lat' dir='ltr'><strong><em>est</em></strong></span> <span class='ocrx_word' id='word_1_155' title='bbox 84 2059 231 2130; x_wconf 86' lang='lat' dir='ltr'><strong><em>prehensus</em></strong></span> <span class='ocrx_word' id='word_1_156' title='bbox 251 2063 279 2115; x_wconf 89' lang='lat' dir='ltr'><strong><em>in</em></strong></span> <span class='ocrx_word' id='word_1_157' title='bbox 292 2061 422 2123; x_wconf 84' lang='lat' dir='ltr'><strong><em>cuniculo,</em></strong></span> <span class='ocrx_word' id='word_1_158' title='bbox 446 2077 527 2130; x_wconf 91' lang='lat' dir='ltr'><strong><em>quem</em></strong></span> <span class='ocrx_word' id='word_1_159' title='bbox 541 2077 622 2128; x_wconf 81' lang='lat' dir='ltr'><strong><em>supra</em></strong></span> <span class='ocrx_word' id='word_1_160' title='bbox 639 2063 839 2118; x_wconf 83' lang='lat' dir='ltr'><strong><em>demonstravi-</em></strong></span> 
     </span>
     <span class='ocr_line' id='line_1_22' title="bbox 19 2131 836 2208; baseline 0.005 -20"><span class='ocrx_word' id='word_1_161' title='bbox 19 2152 103 2206; x_wconf 64' lang='lat' dir='ltr'><strong><em>mus,</em></strong></span> <span class='ocrx_word' id='word_1_162' title='bbox 125 2131 265 2188; x_wconf 89' lang='lat' dir='ltr'><strong><em>dominum</em></strong></span> <span class='ocrx_word' id='word_1_163' title='bbox 284 2133 432 2208; x_wconf 80' lang='lat' dir='ltr'><strong><em>inguinsse:</em></strong></span> <span class='ocrx_word' id='word_1_164' title='bbox 460 2134 483 2186; x_wconf 91' lang='lat' dir='ltr'><strong><em>is</em></strong></span> <span class='ocrx_word' id='word_1_165' title='bbox 508 2132 588 2186; x_wconf 82' lang='lat' dir='ltr'><strong><em>vivus</em></strong></span> <span class='ocrx_word' id='word_1_166' title='bbox 606 2145 647 2187; x_wconf 91' lang='lat' dir='ltr'><strong><em>est</em></strong></span> <span class='ocrx_word' id='word_1_167' title='bbox 665 2137 836 2193; x_wconf 89' lang='lat' dir='ltr'><strong><em>combustus.</em></strong></span> 
     </span>
    </p>

    <p class='ocr_par' dir='ltr' id='par_1_7' title="bbox 5 2204 840 2370">
     <span class='ocr_line' id='line_1_23' title="bbox 12 2204 839 2288; baseline 0.002 -24"><span class='ocrx_word' id='word_1_168' title='bbox 12 2211 160 2288; x_wconf 62' lang='lat' dir='ltr'><strong><em>Idemque</em></strong></span> <span class='ocrx_word' id='word_1_169' title='bbox 179 2210 305 2280; x_wconf 89' lang='lat' dir='ltr'><strong><em>temporis</em></strong></span> <span class='ocrx_word' id='word_1_170' title='bbox 320 2207 485 2264; x_wconf 80' lang='lat' dir='ltr'><strong><em>centuriones</em></strong></span> <span class='ocrx_word' id='word_1_171' title='bbox 501 2204 601 2260; x_wconf 79' lang='lat' dir='ltr'><strong><em>loricati</em></strong></span> <span class='ocrx_word' id='word_1_172' title='bbox 615 2215 672 2262; x_wconf 89' lang='lat' dir='ltr'><strong><em>octo</em></strong></span> <span class='ocrx_word' id='word_1_173' title='bbox 691 2209 725 2263; x_wconf 80' lang='lat' dir='ltr'><strong><em>ed</em></strong></span> <span class='ocrx_word' id='word_1_174' title='bbox 739 2210 839 2267; x_wconf 83' lang='lat' dir='ltr'><strong><em>Caesa-</em></strong></span> 
     </span>
     <span class='ocr_line' id='line_1_24' title="bbox 5 2281 840 2370; baseline 0.006 -32"><span class='ocrx_word' id='word_1_175' title='bbox 5 2302 91 2370; x_wconf 60' lang='lat' dir='ltr'><strong><em>rem</em></strong></span> <span class='ocrx_word' id='word_1_176' title='bbox 113 2281 312 2357; x_wconf 79' lang='lat' dir='ltr'><strong><em>transfugerunt</em></strong></span> <span class='ocrx_word' id='word_1_177' title='bbox 328 2302 362 2339; x_wconf 86' lang='lat' dir='ltr'><strong><em>ex</em></strong></span> <span class='ocrx_word' id='word_1_178' title='bbox 382 2282 484 2356; x_wconf 78' lang='lat' dir='ltr'><strong><em>legione</em></strong></span> <span class='ocrx_word' id='word_1_179' title='bbox 505 2282 662 2346; x_wconf 83' lang='lat' dir='ltr'><strong><em>vetuscula,</em></strong></span> <span class='ocrx_word' id='word_1_180' title='bbox 685 2291 711 2338; x_wconf 85' lang='lat' dir='ltr'><strong><em>et</em></strong></span> <span class='ocrx_word' id='word_1_181' title='bbox 732 2288 840 2357; x_wconf 82' lang='lat' dir='ltr'><strong><em>equites</em></strong></span> 
     </span>
    </p>

    <p class='ocr_par' dir='ltr' id='par_1_8' title="bbox 41 2355 842 2432">
     <span class='ocr_line' id='line_1_25' title="bbox 41 2355 842 2432; baseline 0 -19"><span class='ocrx_word' id='word_1_182' title='bbox 41 2359 117 2424; x_wconf 84' lang='lat' dir='ltr'><strong><em>ostri</em></strong></span> <span class='ocrx_word' id='word_1_183' title='bbox 132 2373 194 2411; x_wconf 88' lang='lat' dir='ltr'><strong><em>cum</em></strong></span> <span class='ocrx_word' id='word_1_184' title='bbox 209 2359 419 2417; x_wconf 81' lang='lat' dir='ltr'><strong><em>adversariorum</em></strong></span> <span class='ocrx_word' id='word_1_185' title='bbox 433 2355 569 2428; x_wconf 87' lang='lat' dir='ltr'><strong><em>equitibus</em></strong></span> <span class='ocrx_word' id='word_1_186' title='bbox 584 2359 720 2432; x_wconf 82' lang='lat' dir='ltr'><strong><em>congressi</em></strong></span> <span class='ocrx_word' id='word_1_187' title='bbox 734 2371 801 2416; x_wconf 83' lang='lat' dir='ltr'><strong><em>sunt</em></strong></span> <span class='ocrx_word' id='word_1_188' title='bbox 815 2374 842 2419; x_wconf 73' lang='lat' dir='ltr'><strong><em>et</em></strong></span> 
     </span>
    </p>

    <p class='ocr_par' dir='ltr' id='par_1_9' title="bbox 0 2431 842 2516">
     <span class='ocr_line' id='line_1_26' title="bbox 0 2431 842 2516; baseline 0.01 -30"><span class='ocrx_word' id='word_1_189' title='bbox 0 2499 11 2506; x_wconf 41' lang='lat'>‚</span> <span class='ocrx_word' id='word_1_190' title='bbox 24 2431 119 2516; x_wconf 61' lang='lat' dir='ltr'><strong><em>²¹ncii</em></strong></span> <span class='ocrx_word' id='word_1_191' title='bbox 138 2431 240 2505; x_wconf 79' lang='lat' dir='ltr'><strong><em>aliquot</em></strong></span> <span class='ocrx_word' id='word_1_192' title='bbox 257 2438 406 2494; x_wconf 87' lang='lat' dir='ltr'><strong><em>occiderunt</em></strong></span> <span class='ocrx_word' id='word_1_193' title='bbox 417 2450 451 2488; x_wconf 80' lang='lat' dir='ltr'><strong><em>ex</em></strong></span> <span class='ocrx_word' id='word_1_194' title='bbox 470 2431 521 2486; x_wconf 80' lang='lat' dir='ltr'><strong><em>levi</em></strong></span> <span class='ocrx_word' id='word_1_195' title='bbox 536 2442 680 2490; x_wconf 79' lang='lat' dir='ltr'><strong><em>armature.</em></strong></span> <span class='ocrx_word' id='word_1_196' title='bbox 706 2435 746 2490; x_wconf 85' lang='lat' dir='ltr'><strong><em>Eu</em></strong></span> <span class='ocrx_word' id='word_1_197' title='bbox 764 2448 842 2494; x_wconf 89' lang='lat' dir='ltr'><strong><em>nocte</em></strong></span> 
     </span>
    </p>

    <p class='ocr_par' dir='ltr' id='par_1_10' title="bbox 0 2506 843 2586">
     <span class='ocr_line' id='line_1_27' title="bbox 0 2506 843 2586; baseline 0 -17"><span class='ocrx_word' id='word_1_198' title='bbox 0 2515 9 2526; x_wconf 90' lang='lat'>&#39;</span> <span class='ocrx_word' id='word_1_199' title='bbox 38 2506 213 2586; x_wconf 66' lang='lat' dir='ltr'><strong><em>,muiewres</em></strong></span> <span class='ocrx_word' id='word_1_200' title='bbox 232 2514 356 2584; x_wconf 85' lang='lat' dir='ltr'><strong><em>prehensi</em></strong></span> <span class='ocrx_word' id='word_1_201' title='bbox 374 2509 443 2566; x_wconf 87' lang='lat' dir='ltr'><strong><em>servi</em></strong></span> <span class='ocrx_word' id='word_1_202' title='bbox 460 2514 526 2572; x_wconf 89' lang='lat' dir='ltr'><strong><em>tres,</em></strong></span> <span class='ocrx_word' id='word_1_203' title='bbox 546 2515 572 2561; x_wconf 89' lang='lat' dir='ltr'><strong><em>et</em></strong></span> <span class='ocrx_word' id='word_1_204' title='bbox 589 2524 662 2563; x_wconf 91' lang='lat' dir='ltr'><strong><em>nnus</em></strong></span> <span class='ocrx_word' id='word_1_205' title='bbox 681 2527 715 2565; x_wconf 86' lang='lat' dir='ltr'><strong><em>ex</em></strong></span> <span class='ocrx_word' id='word_1_206' title='bbox 737 2509 843 2585; x_wconf 79' lang='lat' dir='ltr'><strong><em>legione</em></strong></span> 
     </span>
    </p>

    <p class='ocr_par' dir='ltr' id='par_1_11' title="bbox 0 2554 843 2716">
     <span class='ocr_line' id='line_1_28' title="bbox 0 2554 843 2671; baseline 0.007 -34"><span class='ocrx_word' id='word_1_207' title='bbox 0 2656 2 2664; x_wconf 85' lang='lat'>.</span> <span class='ocrx_word' id='word_1_208' title='bbox 16 2554 189 2671; x_wconf 60' lang='lat' dir='ltr'><strong><em>feruscuie.</em></strong></span> <span class='ocrx_word' id='word_1_209' title='bbox 210 2586 284 2648; x_wconf 79' lang='lat' dir='ltr'><strong><em>Servi</em></strong></span> <span class='ocrx_word' id='word_1_210' title='bbox 296 2600 359 2650; x_wconf 70' lang='lat' dir='ltr'><strong><em>gunt</em></strong></span> <span class='ocrx_word' id='word_1_211' title='bbox 367 2590 396 2646; x_wconf 88' lang='lat' dir='ltr'><strong><em>in</em></strong></span> <span class='ocrx_word' id='word_1_212' title='bbox 405 2601 508 2641; x_wconf 89' lang='lat' dir='ltr'><strong><em>crucem</em></strong></span> <span class='ocrx_word' id='word_1_213' title='bbox 517 2581 625 2649; x_wconf 85' lang='lat' dir='ltr'><strong><em>sublati,</em></strong></span> <span class='ocrx_word' id='word_1_214' title='bbox 637 2583 718 2639; x_wconf 85' lang='lat' dir='ltr'><strong><em>militi</em></strong></span> <span class='ocrx_word' id='word_1_215' title='bbox 725 2589 843 2643; x_wconf 87' lang='lat' dir='ltr'><strong><em>cervices</em></strong></span> 
     </span>
     <span class='ocr_line' id='line_1_29' title="bbox 88 2676 168 2716; baseline 0.05 -4"><span class='ocrx_word' id='word_1_216' title='bbox 88 2676 168 2716; x_wconf 78' lang='lat' dir='ltr'><strong><em>cisae.</em></strong></span> 
     </span>
    </p>

    <p class='ocr_par' dir='ltr' id='par_1_12' title="bbox 10 2683 846 2821">
     <span class='ocr_line' id='line_1_30' title="bbox 10 2683 846 2821; baseline 0.005 -33"><span class='ocrx_word' id='word_1_217' title='bbox 10 2683 85 2821; x_wconf 41' lang='lat'><strong><em>93</em></strong></span> <span class='ocrx_word' id='word_1_218' title='bbox 94 2735 170 2792; x_wconf 90' lang='lat' dir='ltr'><strong>XXI.</strong></span> <span class='ocrx_word' id='word_1_219' title='bbox 191 2739 298 2808; x_wconf 81' lang='lat' dir='ltr'><strong><em>Postero</em></strong></span> <span class='ocrx_word' id='word_1_220' title='bbox 308 2751 350 2809; x_wconf 90' lang='lat' dir='ltr'><strong><em>die</em></strong></span> <span class='ocrx_word' id='word_1_221' title='bbox 359 2739 461 2821; x_wconf 81' lang='lat' dir='ltr'><strong><em>equites</em></strong></span> <span class='ocrx_word' id='word_1_222' title='bbox 470 2751 532 2788; x_wconf 88' lang='lat' dir='ltr'><strong><em>oum</em></strong></span> <span class='ocrx_word' id='word_1_223' title='bbox 545 2732 598 2788; x_wconf 86' lang='lat' dir='ltr'><strong><em>levi</em></strong></span> <span class='ocrx_word' id='word_1_224' title='bbox 609 2742 743 2789; x_wconf 84' lang='lat' dir='ltr'><strong><em>armatura</em></strong></span> <span class='ocrx_word' id='word_1_225' title='bbox 753 2754 785 2790; x_wconf 89' lang='lat' dir='ltr'><strong><em>ex</em></strong></span> <span class='ocrx_word' id='word_1_226' title='bbox 797 2739 846 2792; x_wconf 83' lang='lat' dir='ltr'><strong><em>ad-</em></strong></span> 
     </span>
    </p>

    <p class='ocr_par' dir='ltr' id='par_1_13' title="bbox 0 2808 869 3061">
     <span class='ocr_line' id='line_1_31' title="bbox 26 2808 869 2892; baseline 0.006 -29"><span class='ocrx_word' id='word_1_227' title='bbox 26 2845 49 2878; x_wconf 30' lang='lat' dir='ltr'><strong><em>l.</em></strong></span> <span class='ocrx_word' id='word_1_228' title='bbox 68 2808 217 2875; x_wconf 68' lang='lat' dir='ltr'><strong><em>¹⁰¹‘iorum</em></strong></span> <span class='ocrx_word' id='word_1_229' title='bbox 227 2831 359 2892; x_wconf 66' lang='lat' dir='ltr'><strong><em>castrisad</em></strong></span> <span class='ocrx_word' id='word_1_230' title='bbox 368 2840 417 2888; x_wconf 69' lang='lat'><strong><em>„05</em></strong></span> <span class='ocrx_word' id='word_1_231' title='bbox 425 2809 634 2882; x_wconf 83' lang='lat' dir='ltr'><strong><em>transfugerunt.</em></strong></span> <span class='ocrx_word' id='word_1_232' title='bbox 653 2811 848 2880; x_wconf 88' lang='lat' dir='ltr'><strong><em>Eteotempore</em></strong></span> <span class='ocrx_word' id='word_1_233' title='bbox 867 2839 869 2843; x_wconf 44' lang='lat'><strong>¹</strong></span> 
     </span>
     <span class='ocr_line' id='line_1_32' title="bbox 0 2874 848 2974; baseline 0.054 -79"><span class='ocrx_word' id='word_1_234' title='bbox 0 2874 34 2966; x_wconf 53' lang='grc' dir='ltr'><strong><em>,θ</em></strong></span> <span class='ocrx_word' id='word_1_235' title='bbox 50 2884 55 2891; x_wconf 37' lang='grc' dir='ltr'><em>ν</em></span> <span class='ocrx_word' id='word_1_236' title='bbox 101 2884 190 2949; x_wconf 69' lang='lat' dir='ltr'><strong><em>esun-I</em></strong></span> <span class='ocrx_word' id='word_1_237' title='bbox 200 2905 304 2974; x_wconf 41' lang='lat' dir='ltr'><strong><em>equit&amp;</em></strong></span> <span class='ocrx_word' id='word_1_238' title='bbox 314 2915 375 2974; x_wconf 61' lang='lat' dir='ltr'><strong><em>ada</em></strong></span> <span class='ocrx_word' id='word_1_239' title='bbox 397 2901 501 2960; x_wconf 59' lang='lat' dir='ltr'><strong><em>,latores</em></strong></span> <span class='ocrx_word' id='word_1_240' title='bbox 516 2892 617 2939; x_wconf 88' lang='lat' dir='ltr'><strong><em>nostros</em></strong></span> <span class='ocrx_word' id='word_1_241' title='bbox 627 2895 848 2952; x_wconf 81' lang='lat' dir='ltr'><strong><em>excucurrerunt,</em></strong></span> 
     </span>
     <span class='ocr_line' id='line_1_33' title="bbox 10 2948 851 3061; baseline 0.013 -57"><span class='ocrx_word' id='word_1_242' title='bbox 10 2955 97 3036; x_wconf 52' lang='lat' dir='ltr'><strong><em>tgr</em></strong></span> <span class='ocrx_word' id='word_1_243' title='bbox 110 2948 395 3061; x_wconf 34' lang='lat' dir='ltr'><strong><em>&amp;rans-nterfezemnt&#39;</em></strong></span> <span class='ocrx_word' id='word_1_244' title='bbox 418 2978 484 3036; x_wconf 64' lang='lat' dir='ltr'><strong><em>item</em></strong></span> <span class='ocrx_word' id='word_1_245' title='bbox 499 2960 563 3016; x_wconf 82' lang='lat' dir='ltr'><strong><em>aiios</em></strong></span> <span class='ocrx_word' id='word_1_246' title='bbox 576 2961 653 3015; x_wconf 83' lang='lat' dir='ltr'><strong><em>vivos</em></strong></span> <span class='ocrx_word' id='word_1_247' title='bbox 666 2958 851 3015; x_wconf 84' lang='lat' dir='ltr'><strong><em>abduxerunt.</em></strong></span> 
     </span>
    </p>

    <p class='ocr_par' dir='ltr' id='par_1_14' title="bbox 218 3046 246 3087">
     <span class='ocr_line' id='line_1_34' title="bbox 218 3046 246 3087; baseline 0 0"><span class='ocrx_word' id='word_1_248' title='bbox 218 3046 246 3087; x_wconf 61' lang='grc' dir='ltr'><strong><em>θ.</em></strong></span> 
     </span>
    </p>
   </div>
   <div class='ocr_carea' id='block_1_3' title="bbox 3 3005 855 3184">
    <p class='ocr_par' dir='ltr' id='par_1_15' title="bbox 3 3005 855 3184">
     <span class='ocr_line' id='line_1_35' title="bbox 3 3005 855 3184; baseline -0.001 -92"><span class='ocrx_word' id='word_1_249' title='bbox 3 3005 320 3184; x_wconf 41' lang='grc' dir='ltr'><strong><em>ῐὲύῧῧῗῦζὲῑώῗρῇ</em></strong></span> <span class='ocrx_word' id='word_1_250' title='bbox 337 3079 399 3141; x_wconf 63' lang='lat' dir='ltr'>sunt</span> <span class='ocrx_word' id='word_1_251' title='bbox 418 3042 525 3128; x_wconf 76' lang='lat' dir='ltr'><strong><em>equites</em></strong></span> <span class='ocrx_word' id='word_1_252' title='bbox 541 3036 612 3093; x_wconf 85' lang='lat' dir='ltr'>Vlll.</span> <span class='ocrx_word' id='word_1_253' title='bbox 641 3035 796 3107; x_wconf 82' lang='lat' dir='ltr'><strong><em>Insequenti</em></strong></span> <span class='ocrx_word' id='word_1_254' title='bbox 810 3035 855 3091; x_wconf 85' lang='lat' dir='ltr'><strong><em>die</em></strong></span> 
     </span>
    </p>
   </div>
   <div class='ocr_carea' id='block_1_4' title="bbox 0 0 1023 3594">
    <p class='ocr_par' dir='ltr' id='par_1_16' title="bbox 0 0 1023 3594">
     <span class='ocr_line' id='line_1_36' title="bbox 0 0 1023 3594; baseline 0 0"><span class='ocrx_word' id='word_1_255' title='bbox 0 0 1023 3594; x_wconf 95' lang='lat' dir='ltr'><strong><em> </em></strong></span> 
     </span>
    </p>
   </div>
  </div>
 </body>
</html>
