1988 3594
96 584 145 638 tet
295 588 328 635 A.
350 554 689 634 murri‘n'risrsnuo

94 692 155 746 dam
166 689 231 744 colle
243 691 390 743 consistunt
403 696 490 760 atque,
510 690 592 744 armis
606 689 739 753 demissis,
760 688 898 745 salutatio-

95 784 156 821 nem
166 782 238 819 more
246 764 353 818 militari
363 762 470 819 iaciunt.
491 763 594 831 Quibus
607 765 711 819 miseris
723 783 752 818 ea
762 782 803 818 res
813 782 897 835 perro

94 841 225 913 praesidio
238 839 297 894 luit.
318 840 440 910 Namque
459 839 555 894 milites
574 840 699 905 veterani,
722 840 759 893 ire
772 839 897 895 etdolore

94 917 204 980 incensi,
218 932 270 970 non
280 915 367 979 modo,
379 922 409 967 ut
419 923 552 985 parcerent
562 914 639 979 besti,
657 933 710 970 non
720 922 839 986 poterant
849 915 897 969 ad-

94 992 165 1057 duci,
179 990 224 1044 sed
237 991 314 1044 etiam
325 1008 359 1043 ex
369 1006 417 1043 suo
427 989 542 1044 exercitu
555 988 670 1044 illustres
686 990 810 1055 urbanos,
826 1007 896 1062 quos

95 1076 212 1121 auctores
224 1064 399 1136 adpellebant,
421 1064 569 1135 complures
588 1073 633 1119 aut
646 1063 829 1129 vulnerarunt,
850 1072 896 1119 aut

96 1141 291 1196 interfecerunt:
314 1141 341 1194 in
351 1155 404 1210 quo
415 1155 526 1192 numero
536 1138 586 1193 fuit
596 1137 800 1203 TulliusRulus,
813 1156 896 1210 quae-

31 1266 34 1271 .
95 1217 201 1280 storius,
213 1216 261 1287 qui
271 1214 325 1286 pilo
335 1214 490 1268 transieotus
505 1213 624 1268 consulto
636 1232 651 1269 a
664 1213 757 1278 milite,
779 1215 894 1269 interiit:

96 1293 157 1345 item
167 1291 308 1361 Pompeius
318 1287 412 1351 llulus,
425 1288 562 1343 brachium
575 1288 663 1362 gladio
674 1306 825 1361 percussus,
841 1289 894 1343 nisi

95 1366 212 1420 celeriter
225 1365 258 1419 ad
271 1364 408 1421 Caesarem
422 1364 624 1428 adcucurrisset,
644 1363 795 1418 interiectus
815 1372 893 1419 esset.

96 1441 153 1507 Quo
163 1439 229 1494 lacto
238 1437 387 1508 complures
400 1439 501 1510 equites
512 1439 622 1494 Romani
636 1446 821 1510 senatoresque
835 1456 895 1510 per-

96 1515 177 1569 territi
190 1532 223 1568 ex
236 1514 334 1584 proelio
347 1531 376 1567 se
388 1522 549 1584 receperunt,
573 1532 628 1569 nea
639 1513 778 1578 militibus,
800 1514 847 1585 qui
861 1531 896 1568 ex

96 1597 165 1644 tanta
179 1590 285 1643 victoria
301 1589 431 1643 licentiam
446 1588 497 1642 sibi
517 1590 708 1644 adsumsissent
725 1588 896 1643 immoderate

96 1663 228 1736 peccandi,
242 1664 407 1736 impunitatis
420 1672 524 1735 propter
538 1664 668 1720 maximas
681 1682 722 1718 res
735 1671 822 1737 gestas
836 1681 892 1733 spe,

96 1740 145 1810 ipsi
165 1756 272 1810 quoque
290 1740 504 1794 interficerentur.
527 1742 617 1812 ltaque
630 1740 648 1792 ii
658 1756 750 1792 omnes
764 1737 895 1810 Scipionis

96 1813 201 1879 milites,
217 1831 302 1885 quum
314 1813 393 1868 fidem
406 1814 525 1871 Caesaris
539 1814 720 1885 implorarent,
733 1814 895 1884 inspectante

95 1890 153 1959 ipso
163 1889 271 1944 Caesare
281 1896 306 1943 et
315 1907 329 1942 a
339 1889 469 1944 militibus
479 1890 640 1962 deprecante,
652 1889 690 1943 cis
700 1888 738 1942 uti
749 1895 892 1959 parcerent,

95 1964 128 2017 ad
140 1982 224 2018 unum
235 1973 298 2017 sunt
307 1964 443 2018 interfecti.

149 2038 297 2091 LXXXVI.
319 2038 413 2092 Caesar
427 2040 504 2093 trinis
517 2046 608 2092 castris
622 2038 730 2108 potitus,
749 2038 895 2108 occisisque

95 2113 212 2166 bostium
222 2112 312 2165 decem
323 2112 443 2166 millibus
453 2112 604 2185 fugatisque
612 2111 803 2182 compluribus,
816 2130 844 2166 se
854 2129 895 2166 re-

95 2187 171 2257 cepit,
193 2186 385 2257 quinquaginta
405 2186 535 2241 militibus
547 2187 663 2250 amissis,
682 2186 772 2256 paucis
785 2187 891 2252 sauciis,

97 2262 122 2314 in
134 2268 226 2324 castra,
247 2261 375 2314 aestatim
388 2278 421 2315 er
434 2262 525 2315 itinere
537 2267 596 2315 ente
614 2260 742 2331 oppidum
757 2261 894 2331 Thapsum

95 2335 218 2400 constitit,
230 2334 434 2406 elephantosque
443 2335 527 2392 LXIV
537 2342 641 2390 ornatos
654 2344 821 2407 armatosque
832 2353 894 2392 cunr

96 2409 214 2465 turribus
223 2411 437 2481 ornamentisque
445 2411 522 2482 capit,
538 2417 626 2482 captos
636 2418 696 2465 ante
709 2411 838 2482 oppidum
852 2412 894 2465 in-

95 2493 207 2539 structos
218 2485 365 2540 constituit:
387 2484 414 2539 id
423 2484 473 2540 boc
481 2485 599 2550 consilio,
617 2486 641 2539 si
656 2494 743 2557 posset
755 2486 892 2560 Virgilius,

95 2561 197 2631 quique
210 2576 273 2613 cum
288 2577 318 2615 eo
331 2559 527 2627 obsidebantur,
550 2562 586 2615 rei
600 2560 669 2616 male
682 2571 770 2634 gestae
784 2579 893 2615 suorum

96 2634 193 2688 indicio
206 2651 220 2687 a
233 2634 374 2705 pertinacia
386 2635 490 2690 deduci.
512 2636 609 2691 Deinde
622 2637 678 2707 ipse
691 2637 832 2709 Virgilium
848 2635 895 2690 ad-

96 2708 203 2778 pellavit
212 2708 387 2781 invitavitque
399 2711 433 2764 ad
445 2711 602 2765 deditionem
617 2729 748 2782 suamque
763 2710 893 2765 lenitatem

95 2792 120 2836 et
139 2783 304 2838 clementiam
323 2787 546 2841 commemoravit.
576 2785 660 2851 Quem
681 2793 822 2857 postquam
837 2787 895 2839 ani-

96 2859 236 2913 madvertit
245 2877 400 2931 responsum
410 2861 462 2915 sibi
473 2879 525 2916 non
534 2861 604 2926 dare,
617 2861 652 2915 ab
661 2861 757 2932 oppido
766 2861 894 2914 discessit.

97 2933 200 2987 Postero
208 2934 260 2999 die,
276 2934 367 2989 divina
378 2952 405 2989 re
415 2935 489 3001 lacta,
504 2936 627 2991 concione
639 2935 773 2998 advocata,
790 2935 816 2987 in
831 2951 895 2988 con-

96 3016 187 3077 spectu
196 3009 387 3079 oppidanorum
399 3010 495 3065 milites
504 3010 646 3066 collaudat:
667 3018 806 3081 totumque
820 3026 895 3063 exer-

96 3080 177 3135 citum
195 3090 348 3138 veteranum
368 3085 483 3151 donavit,
506 3087 621 3159 praemia
639 3085 782 3141 fortissimo
797 3083 895 3157 cuique
