1988 3594
97 587 146 641 488
296 594 328 640 Α.
348 594 477 640 aarum
494 595 544 639 DE
567 594 692 640 BELLO

95 694 186 827 {odem
196 694 239 749 die
247 693 356 750 demum
365 703 438 750 natos
448 695 635 768 praedicantes,
643 695 701 750 laeti
708 695 899 770 gratiasagunt

117 789 209 826 aesarr.

150 846 220 901 XCI.
241 846 297 901 Rex
307 845 410 901 interim
424 845 498 910 Iuba,
516 854 545 899 ut
556 863 590 900 ax
602 844 700 916 proelio
714 845 825 919 fugerat,
841 865 897 903 uua

95 939 156 976 cum
168 921 266 975 Petreio
276 921 391 975 interdiu
402 921 429 975 in
439 919 510 974 villis
521 919 653 985 latitando,
666 921 781 986 tandem,
789 930 899 976 noctur-

95 998 138 1051 nis
149 995 423 1058 itineribusooniectis‚
431 995 458 1049 in
470 1013 580 1068 regnum
589 996 708 1066 pervenit
717 1004 796 1068 atque
805 996 839 1050 ad
849 1014 899 1069 op-

94 1071 188 1143 pidum
199 1073 315 1135 Zamam‚
331 1071 378 1125 ubi
388 1071 445 1142 ipse
457 1069 630 1134 domicilium,
647 1072 773 1145 coniuges
786 1071 899 1126 liberos-

94 1163 148 1217 que
160 1146 279 1211 habebat,
305 1163 359 1217 quo
370 1164 404 1201 ex
419 1154 513 1200 cuncto
531 1162 613 1219 regno
631 1162 737 1200 omnem
755 1147 897 1218 pecuniam

94 1221 300 1291 rarissimasque
312 1239 354 1275 res
371 1228 585 1292 comportantem,
608 1220 734 1292 quodque
748 1222 813 1275 inito
827 1221 897 1276 bello

95 1297 219 1367 operibus
234 1297 358 1351 maximis
373 1297 513 1360 munierat,
534 1295 640 1350 accedit.
661 1295 745 1361 Quem
759 1296 895 1368 oppidani,

95 1380 169 1426 antea
181 1389 287 1425 rumora
298 1379 418 1442 exoptato
432 1371 464 1425 de
478 1370 596 1425 Caesaris
614 1370 722 1425 victoria
743 1372 841 1435 audito,
862 1372 897 1427 ob

95 1446 144 1500 has
154 1463 262 1500 caussas
270 1447 367 1516 oppido
376 1446 576 1516 prohibuerunt,
584 1445 665 1517 quod,
673 1444 742 1500 bello
751 1454 811 1501 cont
812 1465 839 1501 ra
849 1464 899 1518 po-

95 1520 190 1592 pulum
202 1523 351 1576 Romanum
360 1529 490 1609 suscepto,
503 1521 530 1574 in
541 1521 735 1592 oppidulamae
745 1521 825 1594 lignis
833 1538 898 1576 con-

96 1596 186 1681 gestis
208 1597 354 1652 maximam
369 1597 397 1651 in
411 1597 498 1650 medio
511 1594 567 1651 foro
585 1613 680 1670 pyram
699 1604 894 1666 construxerat;

95 1678 135 1733 ut
147 1688 170 1723 sr
164 1669 244 1725 forte
254 1671 322 1725 bello
332 1671 396 1727 toret
405 1679 554 1743 superatus
569 1671 694 1726 omnibus
704 1672 823 1725 rehuseo
837 1689 898 1727 coa-

95 1747 215 1812 cervatis,
235 1746 332 1801 dehinc
350 1748 454 1802 civibus
473 1747 575 1802 cunctis
594 1745 734 1800 interiectis
752 1746 897 1818 eodemque

96 1822 226 1891 proiectis,
240 1821 301 1895 igne
311 1822 436 1884 subiecto,
450 1831 506 1876 tum
514 1822 623 1875 demum
633 1839 662 1875 so
672 1822 727 1892 ipse
738 1822 847 1891 insuper
856 1824 898 1875 in-

97 1897 221 1951 terficeret
241 1908 320 1969 atque
335 1917 386 1952 una
401 1915 462 1952 cum
480 1897 579 1961 liberis,
599 1896 767 1969 coniugibus,
792 1897 897 1950 civibus

96 1981 241 2043 cuncteque
253 1988 317 2044 gaza
328 1974 398 2045 regia
413 1980 581 2026 cremaretur.
602 1973 742 2042 Postquam
758 1971 823 2024 Iuba
838 1980 898 2025 ante

96 2057 183 2118 portas
193 2046 240 2100 diu
251 2046 420 2117 multumque
432 2047 518 2116 primo
531 2046 612 2099 minis
622 2062 669 2115 pro
682 2046 791 2115 imperio
801 2047 898 2117 egisset

96 2140 157 2175 cum
164 2121 348 2187 Zamensibus·
370 2120 474 2181 deinde
485 2137 569 2191 quum
580 2136 609 2173 se
619 2136 712 2190 parum
722 2120 845 2190 proicere
856 2121 898 2174 in-

97 2195 247 2253 tellexisset
260 2195 382 2265 precibus
395 2212 502 2267 quoque
510 2200 618 2258 orasset
631 2194 669 2247 uti
682 2210 710 2247 se
720 2194 751 2247 ad
762 2211 824 2247 suos
835 2193 897 2248 deos

97 2278 202 2341 penates
212 2269 390 2336 admitterent;
413 2269 513 2323 ubieos
532 2269 560 2323 in
575 2268 701 2323 sententia
716 2276 829 2339 perstare
839 2270 898 2322 ani

98 2344 243 2407 madvertit,
252 2362 300 2399 nec
309 2344 390 2399 minis
400 2361 447 2398 nec
457 2344 644 2431 precibussuis
655 2343 764 2408 moveri,
776 2360 829 2416 quo
840 2362 898 2398 ma-

96 2439 138 2493 ms
148 2438 176 2473 se
186 2419 341 2491 reciperent
362 2420 438 2474 tertio
450 2420 513 2492 petrt
523 2420 588 2474 ab
565 2437 613 2484 ers
628 2426 658 2474 ut
667 2419 719 2473 srbr
729 2436 854 2493 coniuges
865 2419 899 2473 li-

97 2496 226 2565 berosque
235 2495 379 2559 redderent,
388 2503 418 2550 ut
427 2513 516 2550 secum
525 2496 743 2567 eosabsportaret.
755 2495 897 2566 Postquam

97 2571 147 2623 sibi
159 2570 224 2624 nihil
240 2574 348 2626 omnino
360 2571 506 2658 oppidanos
525 2571 642 2642 responsi
657 2571 765 2625 reddere
778 2570 899 2625 animad-

96 2645 182 2709 vertit,
204 2644 278 2699 nulla
288 2647 389 2701 raab''
372 2665 405 2700 us
421 2646 567 2718 impetrata
589 2646 623 2700 ab
637 2648 716 2700 Zama
735 2646 846 2701 discedit
859 2652 899 2699 at·

97 2736 149 2789 que
159 2686 196 2847 adf
203 2719 295 2849 vrpllam
304 2740 381 2776 suam
390 2723 494 2779 cumM.
500 2722 600 2777 Petreio
609 2738 755 2794 paucisque
763 2721 898 2794 equitibus

97 2810 182 2848 secun
194 2812 208 2848 e

152 2870 234 2925 XCII.
248 2872 406 2927 Zamenses
399 2873 503 2929 mterim
514 2873 613 2947 legatos
622 2872 683 2928 de'
665 2890 698 2927 us
708 2869 826 2926 rebusad
833 2870 899 2925 Cae-

97 2959 182 2998 sarem
192 2946 293 3001 Uticam
304 2948 607 3021 mittuntpetuntqueab
620 2966 659 3014 eo,
679 2952 800 3010 otiante,
820 2963 899 3015 quom

98 3032 147 3070 rec
156 3037 261 3076 manum
271 3025 518 3093 oolliperet,eeseque
528 3025 757 3093 opprimentem·
767 3024 899 3075 currilium

96 3095 222 3149 mitteret:
240 3114 268 3150 re
277 3106 363 3153 tomen
371 3108 480 3163 paratos
489 3114 549 3159 ease,
560 3102 611 3152 siba·
619 3102 705 3167 quood
713 3101 769 3151 vito
781 3104 899 3162 suppete-
