1988 3594
95 510 144 563 liii
300 516 330 560 A.
350 514 480 560 111R'r11
498 514 547 559 Dii
567 515 690 560 BELLO

93 615 199 671 bundas
213 614 281 670 male
294 616 468 689 vagabantur,
492 615 604 669 incertae
620 614 735 669 Iocorum
756 621 837 686 atque
851 632 896 671 ca-

94 700 208 746 strorum
219 708 341 745 suorum:
357 707 424 761 quas
434 689 554 762 singulas
563 690 674 761 scaphae
684 689 894 745 adversariorum

94 766 242 837 'complures
252 766 355 819 adortae
364 764 537 819 incendebant
546 772 624 835 atque
630 764 827 838 expugnabant.
842 766 898 820 IIac

95 840 268 904 renunciata,
289 840 384 894 Caesar
397 838 493 894 classes
510 839 609 893 circum
629 839 730 894 insulas
747 846 896 913 portusque

94 915 237 986 disposuit;
259 932 313 985 quo
324 915 405 968 tutius
414 922 574 969 commeatus
586 914 734 985 supportari
745 921 844 984 posset.

149 990 237 1043 XXII.
257 990 293 1043 M.
314 989 377 1045 Cato
398 989 512 1053 interim,
533 989 580 1059 qui
596 989 682 1044 Uticae
698 996 824 1060 praeerat,
846 989 896 1047 Gn.

95 1064 249 1135 Pompeium
260 1063 344 1118 tilium
362 1062 453 1119 multis
466 1063 555 1117 verbis
573 1063 736 1136 adsidueque
753 1064 916 1139 obiurgare,

96 1155 147 1192 non
159 1138 306 1194 desistebat.
329 1140 407 1201 Tuus,
421 1138 517 1210 inquit,
536 1147 613 1206 puter
625 1142 693 1193 istuc
707 1144 801 1194 aetatis
815 1156 898 1210 mum

96 1224 158 1267 esset
168 1223 192 1267 et
201 1218 432 1275 animaduertisset,
443 1215 627 1281 rempublicam
636 1217 670 1267 ab
683 1217 829 1269 audacibus
839 1232 899 1271 aee·

96 1292 235 1356 teretisque
245 1291 343 1341 sinibus
362 1303 516 1353 oppressam,
537 1290 662 1355 bonosque
676 1297 723 1343 cut
736 1294 896 1358 interfectae,
910 1314 920 1355 2·

96 1364 245 1416 ustensilia
255 1364 483 1427 multatos,patria
494 1366 645 1430 ciritatsque
660 1379 759 1427 cerem,
771 1366 861 1433 qleriu
872 1372 898 1421 el
907 1360 927 1411 '²³-

96 1440 179 1489 animi
186 1439 363 1503 maqnitudine
375 1439 465 1497 elatus,
483 1439 605 1503 privatus
620 1445 698 1504 utque
716 1438 929 1507 adolescente-,1

97 1512 145 1574 lus,
163 1514 268 1577 paterni
277 1514 408 1564 exercitus
417 1511 536 1578 reliquiis
549 1512 672 1572 collectis,
688 1528 771 1579 paene
788 1514 926 1581 oppres-i}

96 1602 152 1638 suns
159 1588 277 1654 [unditus
287 1594 311 1638 et
321 1587 430 1639 deletum
439 1584 544 1638 Italiam
560 1587 697 1653 urbemque
711 1586 856 1641 Romanam
869 1588 932 1655 ran-i-

97 1662 406 1714 libertatemnindicavit:
425 1662 541 1727 idemque
554 1659 682 1722 Siciliam,
698 1660 824 1727 Africam,
839 1648 930 1727 Nae-fi

96 1738 210 1798 iamiam,
224 1734 415 1790 Mauritaniam
424 1736 540 1787 mirabili
550 1736 680 1788 celeritate
692 1739 774 1788 armis
786 1741 929 1805 recepit.

99 1809 196 1872 Quibus
206 1827 240 1863 ccc
250 1813 325 1863 rebus
333 1812 384 1863 sibi
393 1825 449 1862 eum
460 1812 617 1876 diqnitatem,
633 1826 699 1877 qaue
709 1818 746 1863 est
752 1827 801 1877 per
809 1818 932 1885 qentessf

98 1886 243 1937 charissima
253 1889 445 1952 notissimaque,
460 1886 622 1951 conciliavit;
641 1882 926 1955 adolescentulaeque-f

97 1966 174 2024 utque
192 1975 267 2025 eques
285 1959 414 2011 Iternunus
434 1961 608 2024 triumpharit.
638 1958 720 2026 Atque
735 1960 779 2012 ille
793 1975 847 2015 aon
859 1960 926 2025 ita-f

97 2035 191 2098 nnsplts
201 2035 277 2084 rebus
284 2035 371 2098 petris
380 2035 553 2099 qestis,neque
563 2039 615 2084 tam
625 2035 899 2089 eccellentimaierum
924 2088 927 2093 ,

97 2109 222 2171 rtiqnitcte
230 2113 318 2171 partu,
326 2122 406 2172 neque
417 2108 499 2158 tentis
509 2107 633 2159 clientelis
643 2110 803 2175 neminisque
813 2112 899 2165 clari-
914 2114 928 2183 Ἰ

99 2188 150 2232 tate
156 2183 301 2246 praeditus,
312 2182 340 2232 in
349 2181 533 2246 rempublicam
542 2189 579 2233 est
588 2184 733 2249 inqrrssus:
754 2191 905 2247 tucontra,
934 2220 937 2225 -

98 2263 121 2306 et
128 2258 215 2320 patris
224 2253 358 2307 nobilitate
367 2257 533 2322 etdiqnitate,
547 2262 571 2307 et
578 2271 627 2321 per
637 2263 660 2310 te
669 2260 722 2323 ipse
736 2262 802 2311 sctis
814 2265 901 2315 animi
925 2274 937 2287 ··

97 2332 273 2396 mcqnitudine
292 2330 476 2398 diliqentiaque
487 2332 632 2396 praeditus,
652 2348 735 2385 nonrre
749 2335 855 2388 eniteris
875 2344 901 2389 el

96 2407 271 2472 proficisceris
280 2407 315 2457 ad
321 2413 448 2471 paterinus
458 2407 598 2466 clientelas,
609 2409 741 2461 auxilium
751 2409 798 2460 tibi
809 2413 900 2478 reique

96 2482 169 2546 publi
171 2497 216 2533 cuc
223 2488 301 2547 atque
309 2482 404 2545 optimc
414 2483 505 2547 cuique
514 2478 702 2548 efflaqitatnm?

153 2554 251 2607 XXIII.
266 2553 313 2606 His
322 2553 410 2607 verbis
419 2553 695 2627 heminisgravissimi
705 2554 901 2611 incitatusadc-

101 2627 267 2690 lamentatus,
290 2644 351 2681 cum
367 2627 496 2682 naviculis
512 2628 715 2700 cuiusquemodi
733 2628 836 2700 generis
852 2631 901 2684 tri-

99 2703 180 2773 ginta,
202 2701 268 2757 inibi
278 2702 369 2773 paucis
382 2703 510 2768 rostratis,
531 2702 661 2773 proiectus
675 2702 709 2758 ab
723 2702 795 2756 Utica
811 2708 851 2754 est
870 2705 897 2758 in

100 2776 292 2841 Mauritaniam,
304 2793 469 2850 regnumque
477 2777 592 2850 ungulis
601 2784 641 2833 est
649 2778 798 2850 ingressum
818 2791 900 2845 cxpe-

100 2851 207 2922 ditoque
216 2850 339 2916 exercitu,
348 2868 458 2908 numero
467 2869 613 2918 servorum,
624 2852 773 2914 liberorum,
783 2848 899 2905 ducmm

101 2925 226 2990 millium,
237 2925 314 2979 cuius
324 2933 424 2995 partem
435 2927 573 2991 inermem,
595 2932 695 2998 partem
710 2930 836 2978 mmatam
851 2925 900 2985 ha-

100 2998 204 3064 buerat,
223 2999 256 3054 ad
270 2999 397 3070 oppidum
412 3000 544 3057 Ascurum
558 3000 676 3056 acaedam
688 2998 785 3071 coepit:
808 2999 835 3055 in
845 3017 899 3073 quc
