<?xml version="1.0" encoding="UTF-8"?>
<!DOCTYPE html PUBLIC "-//W3C//DTD XHTML 1.0 Transitional//EN"
    "http://www.w3.org/TR/xhtml1/DTD/xhtml1-transitional.dtd">
<html xmlns="http://www.w3.org/1999/xhtml" xml:lang="en" lang="en">
 <head>
  <title>
</title>
<meta http-equiv="Content-Type" content="text/html;charset=utf-8" />
  <meta name='ocr-system' content='tesseract 3.04.00' />
  <meta name='ocr-capabilities' content='ocr_page ocr_carea ocr_par ocr_line ocrx_word'/>
</head>
<body>
  <div class='ocr_page' id='page_1' title='image "./ciuliicaesarisc00caesgoog_0442.png"; bbox 0 0 1988 3594; ppageno 0'>
   <div class='ocr_carea' id='block_1_1' title="bbox 95 582 682 634">
    <p class='ocr_par' dir='ltr' id='par_1_1' title="bbox 95 582 682 634">
     <span class='ocr_line' id='line_1_1' title="bbox 95 582 682 634; baseline -0.009 0"><span class='ocrx_word' id='word_1_1' title='bbox 95 582 142 634; x_wconf 63' lang='grc'><strong>438</strong></span> <span class='ocrx_word' id='word_1_2' title='bbox 293 585 324 632; x_wconf 79' lang='grc' dir='ltr'><strong>Α,</strong></span> <span class='ocrx_word' id='word_1_3' title='bbox 344 585 473 630; x_wconf 83' lang='lat' dir='ltr'>HIRTII</span> <span class='ocrx_word' id='word_1_4' title='bbox 492 587 540 630; x_wconf 94' lang='lat' dir='ltr'><strong>DE</strong></span> <span class='ocrx_word' id='word_1_5' title='bbox 559 585 682 629; x_wconf 86' lang='lat' dir='ltr'>BELLO</span> 
     </span>
    </p>
   </div>
   <div class='ocr_carea' id='block_1_2' title="bbox 93 671 891 756">
    <p class='ocr_par' dir='ltr' id='par_1_2' title="bbox 93 671 891 756">
     <span class='ocr_line' id='line_1_2' title="bbox 93 671 891 756; baseline 0 -18"><span class='ocrx_word' id='word_1_6' title='bbox 93 685 220 741; x_wconf 91' lang='lat' dir='ltr'><strong>custodiis</strong></span> <span class='ocrx_word' id='word_1_7' title='bbox 231 685 370 756; x_wconf 81' lang='lat' dir='ltr'><strong>impositis,</strong></span> <span class='ocrx_word' id='word_1_8' title='bbox 386 685 489 756; x_wconf 89' lang='lat' dir='ltr'><strong>nequis</strong></span> <span class='ocrx_word' id='word_1_9' title='bbox 501 685 577 739; x_wconf 88' lang='lat' dir='ltr'><strong>miles</strong></span> <span class='ocrx_word' id='word_1_10' title='bbox 588 686 616 739; x_wconf 92' lang='lat' dir='ltr'><strong>in</strong></span> <span class='ocrx_word' id='word_1_11' title='bbox 626 685 754 755; x_wconf 90' lang='lat' dir='ltr'><strong>oppidum</strong></span> <span class='ocrx_word' id='word_1_12' title='bbox 765 671 891 750; x_wconf 80' lang='lat' dir='ltr'><strong>introiret,</strong></span> 
     </span>
    </p>
   </div>
   <div class='ocr_carea' id='block_1_3' title="bbox 93 757 939 3152">
    <p class='ocr_par' dir='ltr' id='par_1_3' title="bbox 93 757 939 1803">
     <span class='ocr_line' id='line_1_3' title="bbox 94 757 893 831; baseline -0.006 -15"><span class='ocrx_word' id='word_1_13' title='bbox 94 769 139 816; x_wconf 90' lang='lat' dir='ltr'><strong>aut</strong></span> <span class='ocrx_word' id='word_1_14' title='bbox 158 761 284 815; x_wconf 88' lang='lat' dir='ltr'><strong>iniuriam</strong></span> <span class='ocrx_word' id='word_1_15' title='bbox 308 759 401 814; x_wconf 86' lang='lat' dir='ltr'><strong>laceret</strong></span> <span class='ocrx_word' id='word_1_16' title='bbox 420 760 535 831; x_wconf 87' lang='lat' dir='ltr'><strong>cuipiam</strong></span> <span class='ocrx_word' id='word_1_17' title='bbox 555 760 666 824; x_wconf 79' lang='lat' dir='ltr'><strong>incolae,</strong></span> <span class='ocrx_word' id='word_1_18' title='bbox 689 775 741 813; x_wconf 92' lang='lat' dir='ltr'><strong>non</strong></span> <span class='ocrx_word' id='word_1_19' title='bbox 761 757 838 831; x_wconf 83' lang='lat' dir='ltr'><strong>longe</strong></span> <span class='ocrx_word' id='word_1_20' title='bbox 859 759 893 812; x_wconf 88' lang='lat' dir='ltr'><strong>ab</strong></span> 
     </span>
     <span class='ocr_line' id='line_1_4' title="bbox 93 833 894 908; baseline -0.002 -19"><span class='ocrx_word' id='word_1_21' title='bbox 93 836 190 908; x_wconf 91' lang='lat' dir='ltr'><strong>oppido</strong></span> <span class='ocrx_word' id='word_1_22' title='bbox 204 835 351 890; x_wconf 86' lang='lat' dir='ltr'><strong>secundum</strong></span> <span class='ocrx_word' id='word_1_23' title='bbox 362 835 424 888; x_wconf 91' lang='lat' dir='ltr'><strong>litus</strong></span> <span class='ocrx_word' id='word_1_24' title='bbox 438 833 498 888; x_wconf 89' lang='lat' dir='ltr'><strong>iacit</strong></span> <span class='ocrx_word' id='word_1_25' title='bbox 507 843 600 889; x_wconf 86' lang='lat' dir='ltr'><strong>castra.</strong></span> <span class='ocrx_word' id='word_1_26' title='bbox 626 833 724 888; x_wconf 90' lang='lat' dir='ltr'><strong>Eodem</strong></span> <span class='ocrx_word' id='word_1_27' title='bbox 739 850 820 888; x_wconf 85' lang='lat' dir='ltr'><strong>naves</strong></span> <span class='ocrx_word' id='word_1_28' title='bbox 830 851 894 888; x_wconf 88' lang='lat' dir='ltr'><strong>one-</strong></span> 
     </span>
     <span class='ocr_line' id='line_1_5' title="bbox 95 907 891 984; baseline -0.003 -20"><span class='ocrx_word' id='word_1_29' title='bbox 95 913 177 966; x_wconf 86' lang='lat' dir='ltr'><strong>rariae</strong></span> <span class='ocrx_word' id='word_1_30' title='bbox 191 918 217 965; x_wconf 89' lang='lat' dir='ltr'><strong>et</strong></span> <span class='ocrx_word' id='word_1_31' title='bbox 226 910 319 984; x_wconf 84' lang='lat' dir='ltr'><strong>longae</strong></span> <span class='ocrx_word' id='word_1_32' title='bbox 332 909 475 965; x_wconf 83' lang='lat' dir='ltr'><strong>nonnullae</strong></span> <span class='ocrx_word' id='word_1_33' title='bbox 488 927 551 963; x_wconf 90' lang='lat' dir='ltr'><strong>casu</strong></span> <span class='ocrx_word' id='word_1_34' title='bbox 567 909 742 975; x_wconf 76' lang='lat' dir='ltr'><strong>advenerunt3</strong></span> <span class='ocrx_word' id='word_1_35' title='bbox 764 907 891 979; x_wconf 87' lang='lat' dir='ltr'><strong>reliquae,</strong></span> 
     </span>
     <span class='ocr_line' id='line_1_6' title="bbox 94 982 893 1050; baseline -0.006 -9"><span class='ocrx_word' id='word_1_36' title='bbox 94 994 124 1041; x_wconf 90' lang='lat' dir='ltr'><strong>ut</strong></span> <span class='ocrx_word' id='word_1_37' title='bbox 137 994 176 1040; x_wconf 90' lang='lat' dir='ltr'><strong>est</strong></span> <span class='ocrx_word' id='word_1_38' title='bbox 189 985 213 1040; x_wconf 88' lang='lat' dir='ltr'><strong>ei</strong></span> <span class='ocrx_word' id='word_1_39' title='bbox 228 985 392 1050; x_wconf 91' lang='lat' dir='ltr'><strong>nunciatum,</strong></span> <span class='ocrx_word' id='word_1_40' title='bbox 413 985 525 1039; x_wconf 73' lang='lat' dir='ltr'><strong>incertae</strong></span> <span class='ocrx_word' id='word_1_41' title='bbox 543 983 658 1038; x_wconf 89' lang='lat' dir='ltr'><strong>locorum</strong></span> <span class='ocrx_word' id='word_1_42' title='bbox 678 982 777 1038; x_wconf 81' lang='lat' dir='ltr'><strong>Uticam</strong></span> <span class='ocrx_word' id='word_1_43' title='bbox 798 1000 893 1036; x_wconf 83' lang='lat' dir='ltr'><strong>versus</strong></span> 
     </span>
     <span class='ocr_line' id='line_1_7' title="bbox 95 1057 890 1133; baseline -0.006 -18"><span class='ocrx_word' id='word_1_44' title='bbox 95 1068 180 1133; x_wconf 87' lang='lat' dir='ltr'><strong>potere</strong></span> <span class='ocrx_word' id='word_1_45' title='bbox 189 1060 261 1116; x_wconf 85' lang='lat' dir='ltr'><strong>visae</strong></span> <span class='ocrx_word' id='word_1_46' title='bbox 271 1066 341 1114; x_wconf 91' lang='lat' dir='ltr'><strong>sunt.</strong></span> <span class='ocrx_word' id='word_1_47' title='bbox 371 1059 477 1114; x_wconf 87' lang='lat' dir='ltr'><strong>Interim</strong></span> <span class='ocrx_word' id='word_1_48' title='bbox 492 1058 587 1114; x_wconf 88' lang='lat' dir='ltr'><strong>Caesar</strong></span> <span class='ocrx_word' id='word_1_49' title='bbox 600 1076 615 1112; x_wconf 91' lang='lat' dir='ltr'><strong>a</strong></span> <span class='ocrx_word' id='word_1_50' title='bbox 628 1057 695 1112; x_wconf 88' lang='lat' dir='ltr'><strong>mari</strong></span> <span class='ocrx_word' id='word_1_51' title='bbox 709 1074 761 1111; x_wconf 92' lang='lat' dir='ltr'><strong>non</strong></span> <span class='ocrx_word' id='word_1_52' title='bbox 776 1057 890 1130; x_wconf 82' lang='lat' dir='ltr'><strong>digredi,</strong></span> 
     </span>
     <span class='ocr_line' id='line_1_8' title="bbox 96 1132 891 1208; baseline -0.004 -19"><span class='ocrx_word' id='word_1_53' title='bbox 96 1152 182 1208; x_wconf 89' lang='lat' dir='ltr'><strong>neque</strong></span> <span class='ocrx_word' id='word_1_54' title='bbox 202 1134 389 1189; x_wconf 89' lang='lat' dir='ltr'><strong>mediterranea</strong></span> <span class='ocrx_word' id='word_1_55' title='bbox 409 1141 494 1205; x_wconf 89' lang='lat' dir='ltr'><strong>petere</strong></span> <span class='ocrx_word' id='word_1_56' title='bbox 512 1142 616 1204; x_wconf 89' lang='lat' dir='ltr'><strong>propter</strong></span> <span class='ocrx_word' id='word_1_57' title='bbox 636 1132 746 1187; x_wconf 89' lang='lat' dir='ltr'><strong>navium</strong></span> <span class='ocrx_word' id='word_1_58' title='bbox 765 1149 891 1197; x_wconf 86' lang='lat' dir='ltr'><strong>errorem,</strong></span> 
     </span>
     <span class='ocr_line' id='line_1_9' title="bbox 95 1206 891 1280; baseline -0.004 -16"><span class='ocrx_word' id='word_1_59' title='bbox 95 1210 295 1280; x_wconf 85' lang='lat' dir='ltr'><strong>equitatumque</strong></span> <span class='ocrx_word' id='word_1_60' title='bbox 304 1209 331 1262; x_wconf 91' lang='lat' dir='ltr'><strong>in</strong></span> <span class='ocrx_word' id='word_1_61' title='bbox 342 1209 455 1263; x_wconf 91' lang='lat' dir='ltr'><strong>navibus</strong></span> <span class='ocrx_word' id='word_1_62' title='bbox 464 1225 570 1262; x_wconf 88' lang='lat' dir='ltr'><strong>omnem</strong></span> <span class='ocrx_word' id='word_1_63' title='bbox 579 1207 720 1271; x_wconf 88' lang='lat' dir='ltr'><strong>continere,</strong></span> <span class='ocrx_word' id='word_1_64' title='bbox 732 1214 762 1260; x_wconf 92' lang='lat' dir='ltr'><strong>ut</strong></span> <span class='ocrx_word' id='word_1_65' title='bbox 769 1206 891 1272; x_wconf 87' lang='lat' dir='ltr'><strong>arbitror,</strong></span> 
     </span>
     <span class='ocr_line' id='line_1_10' title="bbox 96 1282 892 1356; baseline -0.003 -18"><span class='ocrx_word' id='word_1_66' title='bbox 96 1302 129 1338; x_wconf 87' lang='lat' dir='ltr'><strong>ne</strong></span> <span class='ocrx_word' id='word_1_67' title='bbox 142 1283 198 1356; x_wconf 83' lang='lat' dir='ltr'><strong>agri</strong></span> <span class='ocrx_word' id='word_1_68' title='bbox 209 1290 385 1352; x_wconf 82' lang='lat' dir='ltr'><strong>vastarentur3</strong></span> <span class='ocrx_word' id='word_1_69' title='bbox 408 1300 505 1354; x_wconf 86' lang='lat' dir='ltr'><strong>aquam</strong></span> <span class='ocrx_word' id='word_1_70' title='bbox 516 1283 543 1337; x_wconf 91' lang='lat' dir='ltr'><strong>in</strong></span> <span class='ocrx_word' id='word_1_71' title='bbox 554 1299 634 1338; x_wconf 82' lang='lat' dir='ltr'><strong>naves</strong></span> <span class='ocrx_word' id='word_1_72' title='bbox 645 1282 718 1336; x_wconf 89' lang='lat' dir='ltr'><strong>iubat</strong></span> <span class='ocrx_word' id='word_1_73' title='bbox 727 1282 892 1352; x_wconf 86' lang='lat' dir='ltr'><strong>comportari.</strong></span> 
     </span>
     <span class='ocr_line' id='line_1_11' title="bbox 96 1356 891 1431; baseline -0.003 -19"><span class='ocrx_word' id='word_1_74' title='bbox 96 1359 218 1431; x_wconf 82' lang='lat' dir='ltr'><strong>Remiges</strong></span> <span class='ocrx_word' id='word_1_75' title='bbox 238 1357 356 1421; x_wconf 84' lang='lat' dir='ltr'><strong>interim,</strong></span> <span class='ocrx_word' id='word_1_76' title='bbox 386 1357 433 1427; x_wconf 91' lang='lat' dir='ltr'><strong>qni</strong></span> <span class='ocrx_word' id='word_1_77' title='bbox 452 1365 579 1429; x_wconf 89' lang='lat' dir='ltr'><strong>aquatum</strong></span> <span class='ocrx_word' id='word_1_78' title='bbox 596 1374 612 1412; x_wconf 91' lang='lat' dir='ltr'><strong>e</strong></span> <span class='ocrx_word' id='word_1_79' title='bbox 633 1356 746 1411; x_wconf 91' lang='lat' dir='ltr'><strong>navibus</strong></span> <span class='ocrx_word' id='word_1_80' title='bbox 764 1356 891 1422; x_wconf 82' lang='lat' dir='ltr'><strong>exierant,</strong></span> 
     </span>
     <span class='ocr_line' id='line_1_12' title="bbox 96 1430 891 1503; baseline -0.001 -18"><span class='ocrx_word' id='word_1_81' title='bbox 96 1432 184 1486; x_wconf 86' lang='lat' dir='ltr'><strong>subito</strong></span> <span class='ocrx_word' id='word_1_82' title='bbox 199 1431 300 1502; x_wconf 89' lang='lat' dir='ltr'><strong>equites</strong></span> <span class='ocrx_word' id='word_1_83' title='bbox 314 1431 407 1496; x_wconf 81' lang='lat' dir='ltr'><strong>Mauri,</strong></span> <span class='ocrx_word' id='word_1_84' title='bbox 428 1449 515 1502; x_wconf 90' lang='lat' dir='ltr'><strong>neque</strong></span> <span class='ocrx_word' id='word_1_85' title='bbox 532 1432 703 1503; x_wconf 85' lang='lat' dir='ltr'><strong>opinantibus</strong></span> <span class='ocrx_word' id='word_1_86' title='bbox 717 1430 891 1496; x_wconf 76' lang='lat' dir='ltr'><strong>Caesarianis,</strong></span> 
     </span>
     <span class='ocr_line' id='line_1_13' title="bbox 97 1505 895 1571; baseline 0.003 -12"><span class='ocrx_word' id='word_1_87' title='bbox 97 1506 189 1569; x_wconf 91' lang='lat' dir='ltr'><strong>adorti,</strong></span> <span class='ocrx_word' id='word_1_88' title='bbox 209 1505 307 1559; x_wconf 89' lang='lat' dir='ltr'><strong>multos</strong></span> <span class='ocrx_word' id='word_1_89' title='bbox 317 1505 409 1559; x_wconf 92' lang='lat' dir='ltr'><strong>iaculis</strong></span> <span class='ocrx_word' id='word_1_90' title='bbox 419 1506 682 1571; x_wconf 81' lang='lat' dir='ltr'><strong>convulneraverunt,</strong></span> <span class='ocrx_word' id='word_1_91' title='bbox 699 1505 840 1560; x_wconf 89' lang='lat' dir='ltr'><strong>nonnullos</strong></span> <span class='ocrx_word' id='word_1_92' title='bbox 852 1507 895 1561; x_wconf 91' lang='lat' dir='ltr'><strong>in-</strong></span> 
     </span>
     <span class='ocr_line' id='line_1_14' title="bbox 97 1578 894 1652; baseline 0.001 -19"><span class='ocrx_word' id='word_1_93' title='bbox 97 1579 263 1635; x_wconf 84' lang='lat' dir='ltr'><strong>terfecerunt:</strong></span> <span class='ocrx_word' id='word_1_94' title='bbox 279 1578 358 1634; x_wconf 85' lang='lat' dir='ltr'><strong>latent</strong></span> <span class='ocrx_word' id='word_1_95' title='bbox 366 1580 437 1635; x_wconf 91' lang='lat' dir='ltr'><strong>enim</strong></span> <span class='ocrx_word' id='word_1_96' title='bbox 445 1581 472 1636; x_wconf 94' lang='lat' dir='ltr'><strong>in</strong></span> <span class='ocrx_word' id='word_1_97' title='bbox 483 1581 587 1636; x_wconf 81' lang='lat' dir='ltr'><strong>insidiis</strong></span> <span class='ocrx_word' id='word_1_98' title='bbox 597 1598 659 1635; x_wconf 90' lang='lat' dir='ltr'><strong>cum</strong></span> <span class='ocrx_word' id='word_1_99' title='bbox 669 1582 746 1652; x_wconf 88' lang='lat' dir='ltr'><strong>equis</strong></span> <span class='ocrx_word' id='word_1_100' title='bbox 755 1581 822 1634; x_wconf 89' lang='lat' dir='ltr'><strong>inter</strong></span> <span class='ocrx_word' id='word_1_101' title='bbox 831 1597 894 1634; x_wconf 91' lang='lat' dir='ltr'><strong>oon-</strong></span> 
     </span>
     <span class='ocr_line' id='line_1_15' title="bbox 97 1654 939 1726; baseline 0.001 -17"><span class='ocrx_word' id='word_1_102' title='bbox 97 1654 179 1709; x_wconf 87' lang='lat' dir='ltr'><strong>valles</strong></span> <span class='ocrx_word' id='word_1_103' title='bbox 189 1663 214 1709; x_wconf 88' lang='lat' dir='ltr'><strong>et</strong></span> <span class='ocrx_word' id='word_1_104' title='bbox 223 1654 310 1708; x_wconf 88' lang='lat' dir='ltr'><strong>subito</strong></span> <span class='ocrx_word' id='word_1_105' title='bbox 320 1655 464 1725; x_wconf 81' lang='lat' dir='ltr'><strong>exsistunt3</strong></span> <span class='ocrx_word' id='word_1_106' title='bbox 476 1673 538 1721; x_wconf 90' lang='lat' dir='ltr'><strong>non,</strong></span> <span class='ocrx_word' id='word_1_107' title='bbox 552 1664 581 1710; x_wconf 91' lang='lat' dir='ltr'><strong>ut</strong></span> <span class='ocrx_word' id='word_1_108' title='bbox 591 1656 618 1710; x_wconf 92' lang='lat' dir='ltr'><strong>in</strong></span> <span class='ocrx_word' id='word_1_109' title='bbox 628 1670 730 1726; x_wconf 90' lang='lat' dir='ltr'><strong>campo,</strong></span> <span class='ocrx_word' id='word_1_110' title='bbox 741 1657 894 1710; x_wconf 86' lang='lat' dir='ltr'><strong>comminus</strong></span> <span class='ocrx_word' id='word_1_111' title='bbox 937 1662 939 1667; x_wconf 88' lang='lat'>&#39;</span> 
     </span>
     <span class='ocr_line' id='line_1_16' title="bbox 96 1730 260 1803; baseline 0 -19"><span class='ocrx_word' id='word_1_112' title='bbox 96 1730 260 1803; x_wconf 83' lang='lat' dir='ltr'><strong>depugnant.</strong></span> 
     </span>
    </p>

    <p class='ocr_par' dir='ltr' id='par_1_4' title="bbox 97 1803 900 3152">
     <span class='ocr_line' id='line_1_17' title="bbox 152 1803 892 1861; baseline -0.004 0"><span class='ocrx_word' id='word_1_113' title='bbox 152 1806 220 1861; x_wconf 88' lang='lat' dir='ltr'><strong>Vlll.</strong></span> <span class='ocrx_word' id='word_1_114' title='bbox 247 1804 340 1860; x_wconf 87' lang='lat' dir='ltr'><strong>Caesar</strong></span> <span class='ocrx_word' id='word_1_115' title='bbox 359 1804 463 1859; x_wconf 89' lang='lat' dir='ltr'><strong>interim</strong></span> <span class='ocrx_word' id='word_1_116' title='bbox 487 1804 515 1859; x_wconf 92' lang='lat' dir='ltr'><strong>in</strong></span> <span class='ocrx_word' id='word_1_117' title='bbox 534 1804 682 1859; x_wconf 87' lang='lat' dir='ltr'><strong>Sardiniam</strong></span> <span class='ocrx_word' id='word_1_118' title='bbox 702 1803 813 1859; x_wconf 88' lang='lat' dir='ltr'><strong>nuncios</strong></span> <span class='ocrx_word' id='word_1_119' title='bbox 831 1821 892 1859; x_wconf 91' lang='lat' dir='ltr'><strong>cum</strong></span> 
     </span>
     <span class='ocr_line' id='line_1_18' title="bbox 98 1878 895 1951; baseline 0 -17"><span class='ocrx_word' id='word_1_120' title='bbox 98 1880 191 1935; x_wconf 86' lang='lat' dir='ltr'><strong>litteris</strong></span> <span class='ocrx_word' id='word_1_121' title='bbox 209 1885 234 1933; x_wconf 87' lang='lat' dir='ltr'><strong>et</strong></span> <span class='ocrx_word' id='word_1_122' title='bbox 252 1879 279 1934; x_wconf 94' lang='lat' dir='ltr'><strong>in</strong></span> <span class='ocrx_word' id='word_1_123' title='bbox 298 1879 414 1951; x_wconf 89' lang='lat' dir='ltr'><strong>reliquas</strong></span> <span class='ocrx_word' id='word_1_124' title='bbox 430 1879 579 1950; x_wconf 85' lang='lat' dir='ltr'><strong>provincias</strong></span> <span class='ocrx_word' id='word_1_125' title='bbox 590 1879 716 1934; x_wconf 87' lang='lat' dir='ltr'><strong>finitimas</strong></span> <span class='ocrx_word' id='word_1_126' title='bbox 729 1878 840 1944; x_wconf 87' lang='lat' dir='ltr'><strong>dimisit,</strong></span> <span class='ocrx_word' id='word_1_127' title='bbox 864 1888 895 1934; x_wconf 91' lang='lat' dir='ltr'><strong>ut</strong></span> 
     </span>
     <span class='ocr_line' id='line_1_19' title="bbox 98 1952 896 2025; baseline -0.001 -15"><span class='ocrx_word' id='word_1_128' title='bbox 98 1956 150 2010; x_wconf 87' lang='lat' dir='ltr'><strong>sibi</strong></span> <span class='ocrx_word' id='word_1_129' title='bbox 160 1954 267 2018; x_wconf 83' lang='lat' dir='ltr'><strong>auxilia,</strong></span> <span class='ocrx_word' id='word_1_130' title='bbox 285 1961 455 2019; x_wconf 82' lang='lat' dir='ltr'><strong>commeatus,</strong></span> <span class='ocrx_word' id='word_1_131' title='bbox 477 1953 649 2020; x_wconf 87' lang='lat' dir='ltr'><strong>frumentum,</strong></span> <span class='ocrx_word' id='word_1_132' title='bbox 671 1953 752 2009; x_wconf 88' lang='lat' dir='ltr'><strong>simul</strong></span> <span class='ocrx_word' id='word_1_133' title='bbox 763 1961 841 2025; x_wconf 90' lang='lat' dir='ltr'><strong>atque</strong></span> <span class='ocrx_word' id='word_1_134' title='bbox 851 1952 896 2009; x_wconf 86' lang='lat' dir='ltr'><strong>lit-</strong></span> 
     </span>
     <span class='ocr_line' id='line_1_20' title="bbox 98 2028 896 2102; baseline -0.003 -18"><span class='ocrx_word' id='word_1_135' title='bbox 98 2038 166 2084; x_wconf 88' lang='lat' dir='ltr'><strong>teras</strong></span> <span class='ocrx_word' id='word_1_136' title='bbox 177 2029 310 2101; x_wconf 79' lang='lat' dir='ltr'><strong>legissent,</strong></span> <span class='ocrx_word' id='word_1_137' title='bbox 327 2028 453 2083; x_wconf 90' lang='lat' dir='ltr'><strong>mittenda</strong></span> <span class='ocrx_word' id='word_1_138' title='bbox 464 2035 598 2098; x_wconf 83' lang='lat' dir='ltr'><strong>curarent3</strong></span> <span class='ocrx_word' id='word_1_139' title='bbox 620 2029 821 2102; x_wconf 86' lang='lat' dir='ltr'><strong>exoneratisque</strong></span> <span class='ocrx_word' id='word_1_140' title='bbox 835 2046 896 2100; x_wconf 93' lang='lat' dir='ltr'><strong>par-</strong></span> 
     </span>
     <span class='ocr_line' id='line_1_21' title="bbox 98 2101 894 2175; baseline 0 -17"><span class='ocrx_word' id='word_1_141' title='bbox 98 2106 146 2159; x_wconf 91' lang='lat' dir='ltr'><strong>tim</strong></span> <span class='ocrx_word' id='word_1_142' title='bbox 162 2103 276 2158; x_wconf 90' lang='lat' dir='ltr'><strong>navibus</strong></span> <span class='ocrx_word' id='word_1_143' title='bbox 291 2101 387 2175; x_wconf 80' lang='lat' dir='ltr'><strong>longis,</strong></span> <span class='ocrx_word' id='word_1_144' title='bbox 408 2102 546 2157; x_wconf 89' lang='lat' dir='ltr'><strong>Rabirium</strong></span> <span class='ocrx_word' id='word_1_145' title='bbox 561 2105 716 2158; x_wconf 90' lang='lat' dir='ltr'><strong>Postumum</strong></span> <span class='ocrx_word' id='word_1_146' title='bbox 736 2103 764 2158; x_wconf 92' lang='lat' dir='ltr'><strong>in</strong></span> <span class='ocrx_word' id='word_1_147' title='bbox 777 2103 894 2159; x_wconf 81' lang='lat' dir='ltr'><strong>Siciliam</strong></span> 
     </span>
     <span class='ocr_line' id='line_1_22' title="bbox 99 2176 894 2232; baseline 0 0"><span class='ocrx_word' id='word_1_148' title='bbox 99 2179 132 2232; x_wconf 92' lang='lat' dir='ltr'><strong>ad</strong></span> <span class='ocrx_word' id='word_1_149' title='bbox 142 2176 289 2232; x_wconf 86' lang='lat' dir='ltr'><strong>secundum</strong></span> <span class='ocrx_word' id='word_1_150' title='bbox 299 2185 474 2231; x_wconf 84' lang='lat' dir='ltr'><strong>commeatum</strong></span> <span class='ocrx_word' id='word_1_151' title='bbox 484 2177 668 2232; x_wconf 89' lang='lat' dir='ltr'><strong>arcessendum</strong></span> <span class='ocrx_word' id='word_1_152' title='bbox 677 2178 765 2232; x_wconf 87' lang='lat' dir='ltr'><strong>mittit.</strong></span> <span class='ocrx_word' id='word_1_153' title='bbox 787 2179 894 2232; x_wconf 75' lang='lat' dir='ltr'><strong>Interim</strong></span> 
     </span>
     <span class='ocr_line' id='line_1_23' title="bbox 98 2250 893 2325; baseline 0.003 -19"><span class='ocrx_word' id='word_1_154' title='bbox 98 2271 160 2306; x_wconf 88' lang='lat' dir='ltr'><strong>curn</strong></span> <span class='ocrx_word' id='word_1_155' title='bbox 171 2252 260 2306; x_wconf 86' lang='lat' dir='ltr'><strong>decem</strong></span> <span class='ocrx_word' id='word_1_156' title='bbox 271 2251 385 2306; x_wconf 87' lang='lat' dir='ltr'><strong>navibus</strong></span> <span class='ocrx_word' id='word_1_157' title='bbox 394 2251 480 2325; x_wconf 82' lang='lat' dir='ltr'><strong>longis</strong></span> <span class='ocrx_word' id='word_1_158' title='bbox 495 2251 529 2307; x_wconf 90' lang='lat' dir='ltr'><strong>ad</strong></span> <span class='ocrx_word' id='word_1_159' title='bbox 542 2250 657 2323; x_wconf 89' lang='lat' dir='ltr'><strong>reliquas</strong></span> <span class='ocrx_word' id='word_1_160' title='bbox 667 2270 748 2309; x_wconf 74' lang='lat' dir='ltr'><strong>naves</strong></span> <span class='ocrx_word' id='word_1_161' title='bbox 761 2254 893 2308; x_wconf 88' lang='lat' dir='ltr'><strong>onerarias</strong></span> 
     </span>
     <span class='ocr_line' id='line_1_24' title="bbox 98 2325 895 2399; baseline 0.003 -17"><span class='ocrx_word' id='word_1_162' title='bbox 98 2326 299 2399; x_wconf 85' lang='lat' dir='ltr'><strong>conquirendas,</strong></span> <span class='ocrx_word' id='word_1_163' title='bbox 307 2343 375 2399; x_wconf 90' lang='lat' dir='ltr'><strong>quae</strong></span> <span class='ocrx_word' id='word_1_164' title='bbox 384 2325 587 2393; x_wconf 84' lang='lat' dir='ltr'><strong>deerrassent,et</strong></span> <span class='ocrx_word' id='word_1_165' title='bbox 594 2327 675 2383; x_wconf 90' lang='lat' dir='ltr'><strong>simul</strong></span> <span class='ocrx_word' id='word_1_166' title='bbox 685 2345 757 2384; x_wconf 89' lang='lat' dir='ltr'><strong>mare</strong></span> <span class='ocrx_word' id='word_1_167' title='bbox 765 2329 895 2384; x_wconf 91' lang='lat' dir='ltr'><strong>tuendum</strong></span> 
     </span>
     <span class='ocr_line' id='line_1_25' title="bbox 97 2401 896 2474; baseline 0.003 -17"><span class='ocrx_word' id='word_1_168' title='bbox 97 2403 133 2469; x_wconf 78' lang='lat' dir='ltr'><strong>ab</strong></span> <span class='ocrx_word' id='word_1_169' title='bbox 147 2402 268 2457; x_wconf 89' lang='lat' dir='ltr'><strong>hostibus</strong></span> <span class='ocrx_word' id='word_1_170' title='bbox 283 2401 355 2456; x_wconf 82' lang='lat' dir='ltr'><strong>iubet</strong></span> <span class='ocrx_word' id='word_1_171' title='bbox 368 2401 508 2474; x_wconf 87' lang='lat' dir='ltr'><strong>proficisci.</strong></span> <span class='ocrx_word' id='word_1_172' title='bbox 537 2403 602 2457; x_wconf 87' lang='lat' dir='ltr'><strong>Item</strong></span> <span class='ocrx_word' id='word_1_173' title='bbox 618 2401 649 2460; x_wconf 84' lang='lat' dir='ltr'><strong>C.</strong></span> <span class='ocrx_word' id='word_1_174' title='bbox 664 2402 819 2459; x_wconf 88' lang='lat' dir='ltr'><strong>Sallustium</strong></span> <span class='ocrx_word' id='word_1_175' title='bbox 837 2404 896 2460; x_wconf 86' lang='lat' dir='ltr'><strong>Cri-</strong></span> 
     </span>
     <span class='ocr_line' id='line_1_26' title="bbox 101 2476 895 2552; baseline 0.004 -21"><span class='ocrx_word' id='word_1_176' title='bbox 101 2495 180 2549; x_wconf 91' lang='lat' dir='ltr'><strong>spum</strong></span> <span class='ocrx_word' id='word_1_177' title='bbox 194 2482 338 2549; x_wconf 88' lang='lat' dir='ltr'><strong>praetorem</strong></span> <span class='ocrx_word' id='word_1_178' title='bbox 352 2476 386 2532; x_wconf 91' lang='lat' dir='ltr'><strong>ad</strong></span> <span class='ocrx_word' id='word_1_179' title='bbox 400 2476 536 2533; x_wconf 86' lang='lat' dir='ltr'><strong>Cercinam</strong></span> <span class='ocrx_word' id='word_1_180' title='bbox 554 2477 670 2533; x_wconf 90' lang='lat' dir='ltr'><strong>insulam</strong></span> <span class='ocrx_word' id='word_1_181' title='bbox 692 2497 792 2544; x_wconf 83' lang='lat' dir='ltr'><strong>versus,</strong></span> <span class='ocrx_word' id='word_1_182' title='bbox 812 2497 895 2552; x_wconf 90' lang='lat' dir='ltr'><strong>quam</strong></span> 
     </span>
     <span class='ocr_line' id='line_1_27' title="bbox 101 2551 896 2626; baseline 0.003 -20"><span class='ocrx_word' id='word_1_183' title='bbox 101 2552 243 2607; x_wconf 87' lang='lat' dir='ltr'><strong>adversarii</strong></span> <span class='ocrx_word' id='word_1_184' title='bbox 252 2551 384 2618; x_wconf 88' lang='lat' dir='ltr'><strong>tenebant,</strong></span> <span class='ocrx_word' id='word_1_185' title='bbox 396 2569 458 2607; x_wconf 90' lang='lat' dir='ltr'><strong>cum</strong></span> <span class='ocrx_word' id='word_1_186' title='bbox 467 2559 540 2624; x_wconf 86' lang='lat' dir='ltr'><strong>parte</strong></span> <span class='ocrx_word' id='word_1_187' title='bbox 549 2553 659 2608; x_wconf 91' lang='lat' dir='ltr'><strong>navium</strong></span> <span class='ocrx_word' id='word_1_188' title='bbox 669 2553 707 2608; x_wconf 89' lang='lat' dir='ltr'><strong>ire</strong></span> <span class='ocrx_word' id='word_1_189' title='bbox 716 2553 801 2608; x_wconf 89' lang='lat' dir='ltr'><strong>iubet:</strong></span> <span class='ocrx_word' id='word_1_190' title='bbox 823 2554 896 2626; x_wconf 94' lang='lat' dir='ltr'><strong>quod</strong></span> 
     </span>
     <span class='ocr_line' id='line_1_28' title="bbox 101 2626 897 2700; baseline 0.005 -20"><span class='ocrx_word' id='word_1_191' title='bbox 101 2628 138 2681; x_wconf 91' lang='lat' dir='ltr'><strong>ibi</strong></span> <span class='ocrx_word' id='word_1_192' title='bbox 155 2644 283 2700; x_wconf 79' lang='lat' dir='ltr'><strong>magnum</strong></span> <span class='ocrx_word' id='word_1_193' title='bbox 296 2643 437 2682; x_wconf 89' lang='lat' dir='ltr'><strong>numerum</strong></span> <span class='ocrx_word' id='word_1_194' title='bbox 456 2626 581 2682; x_wconf 82' lang='lat' dir='ltr'><strong>frumenti</strong></span> <span class='ocrx_word' id='word_1_195' title='bbox 600 2644 658 2683; x_wconf 86' lang='lat' dir='ltr'><strong>asse</strong></span> <span class='ocrx_word' id='word_1_196' title='bbox 670 2628 799 2683; x_wconf 88' lang='lat' dir='ltr'><strong>audiebat.</strong></span> <span class='ocrx_word' id='word_1_197' title='bbox 828 2631 897 2684; x_wconf 87' lang='lat' dir='ltr'><strong>Haec</strong></span> 
     </span>
     <span class='ocr_line' id='line_1_29' title="bbox 101 2701 897 2776; baseline 0.003 -21"><span class='ocrx_word' id='word_1_198' title='bbox 101 2703 136 2756; x_wconf 92' lang='lat' dir='ltr'><strong>ita</strong></span> <span class='ocrx_word' id='word_1_199' title='bbox 145 2701 302 2772; x_wconf 88' lang='lat' dir='ltr'><strong>imperabat,</strong></span> <span class='ocrx_word' id='word_1_200' title='bbox 311 2701 346 2757; x_wconf 90' lang='lat' dir='ltr'><strong>ita</strong></span> <span class='ocrx_word' id='word_1_201' title='bbox 356 2702 500 2773; x_wconf 90' lang='lat' dir='ltr'><strong>unicuique</strong></span> <span class='ocrx_word' id='word_1_202' title='bbox 510 2702 693 2775; x_wconf 88' lang='lat' dir='ltr'><strong>praecipiebat,</strong></span> <span class='ocrx_word' id='word_1_203' title='bbox 708 2703 757 2770; x_wconf 88' lang='lat' dir='ltr'><strong>uti,</strong></span> <span class='ocrx_word' id='word_1_204' title='bbox 769 2703 824 2758; x_wconf 87' lang='lat' dir='ltr'><strong>fieri</strong></span> <span class='ocrx_word' id='word_1_205' title='bbox 834 2722 897 2776; x_wconf 91' lang='lat' dir='ltr'><strong>pos-</strong></span> 
     </span>
     <span class='ocr_line' id='line_1_30' title="bbox 101 2775 897 2846; baseline 0.004 -16"><span class='ocrx_word' id='word_1_206' title='bbox 101 2783 140 2830; x_wconf 91' lang='lat' dir='ltr'><strong>set</strong></span> <span class='ocrx_word' id='word_1_207' title='bbox 150 2793 198 2830; x_wconf 89' lang='lat' dir='ltr'><strong>nec</strong></span> <span class='ocrx_word' id='word_1_208' title='bbox 207 2793 248 2841; x_wconf 87' lang='lat' dir='ltr'><strong>na,</strong></span> <span class='ocrx_word' id='word_1_209' title='bbox 270 2775 357 2831; x_wconf 89' lang='lat' dir='ltr'><strong>locum</strong></span> <span class='ocrx_word' id='word_1_210' title='bbox 370 2777 503 2832; x_wconf 83' lang='lat' dir='ltr'><strong>excusatio</strong></span> <span class='ocrx_word' id='word_1_211' title='bbox 517 2776 622 2833; x_wconf 91' lang='lat' dir='ltr'><strong>nullum</strong></span> <span class='ocrx_word' id='word_1_212' title='bbox 637 2778 756 2846; x_wconf 74' lang='lat' dir='ltr'><strong>haberet,</strong></span> <span class='ocrx_word' id='word_1_213' title='bbox 778 2795 825 2832; x_wconf 87' lang='lat' dir='ltr'><strong>nac</strong></span> <span class='ocrx_word' id='word_1_214' title='bbox 840 2796 897 2833; x_wconf 88' lang='lat' dir='ltr'><strong>mo·</strong></span> 
     </span>
     <span class='ocr_line' id='line_1_31' title="bbox 102 2851 897 2926; baseline 0.004 -22"><span class='ocrx_word' id='word_1_215' title='bbox 102 2869 158 2905; x_wconf 89' lang='lat' dir='ltr'><strong>ram</strong></span> <span class='ocrx_word' id='word_1_216' title='bbox 172 2851 361 2924; x_wconf 77' lang='lat' dir='ltr'><strong>tergiversatio.</strong></span> <span class='ocrx_word' id='word_1_217' title='bbox 392 2854 450 2924; x_wconf 87' lang='lat' dir='ltr'><strong>lpse</strong></span> <span class='ocrx_word' id='word_1_218' title='bbox 460 2853 567 2918; x_wconf 89' lang='lat' dir='ltr'><strong>interea,</strong></span> <span class='ocrx_word' id='word_1_219' title='bbox 587 2870 621 2908; x_wconf 83' lang='lat' dir='ltr'><strong>ex</strong></span> <span class='ocrx_word' id='word_1_220' title='bbox 633 2852 752 2926; x_wconf 81' lang='lat' dir='ltr'><strong>perfugis</strong></span> <span class='ocrx_word' id='word_1_221' title='bbox 765 2858 790 2907; x_wconf 90' lang='lat' dir='ltr'><strong>et</strong></span> <span class='ocrx_word' id='word_1_222' title='bbox 804 2853 897 2908; x_wconf 91' lang='lat' dir='ltr'><strong>incolis</strong></span> 
     </span>
     <span class='ocr_line' id='line_1_32' title="bbox 100 2925 897 3001; baseline 0.005 -23"><span class='ocrx_word' id='word_1_223' title='bbox 100 2925 213 2998; x_wconf 81' lang='lat' dir='ltr'><strong>cognitis</strong></span> <span class='ocrx_word' id='word_1_224' title='bbox 227 2926 422 2981; x_wconf 84' lang='lat' dir='ltr'><strong>conditionibus</strong></span> <span class='ocrx_word' id='word_1_225' title='bbox 433 2928 572 2999; x_wconf 85' lang='lat' dir='ltr'><strong>Scipionis,</strong></span> <span class='ocrx_word' id='word_1_226' title='bbox 590 2935 616 2982; x_wconf 90' lang='lat' dir='ltr'><strong>et</strong></span> <span class='ocrx_word' id='word_1_227' title='bbox 629 2928 677 3001; x_wconf 93' lang='lat' dir='ltr'><strong>qui</strong></span> <span class='ocrx_word' id='word_1_228' title='bbox 690 2944 752 2982; x_wconf 90' lang='lat' dir='ltr'><strong>cum</strong></span> <span class='ocrx_word' id='word_1_229' title='bbox 768 2944 799 2981; x_wconf 86' lang='lat' dir='ltr'><strong>eo</strong></span> <span class='ocrx_word' id='word_1_230' title='bbox 808 2936 897 2982; x_wconf 88' lang='lat' dir='ltr'><strong>contra</strong></span> 
     </span>
     <span class='ocr_line' id='line_1_33' title="bbox 103 2999 898 3076; baseline 0.006 -24"><span class='ocrx_word' id='word_1_231' title='bbox 103 3017 131 3052; x_wconf 87' lang='lat' dir='ltr'><strong>se</strong></span> <span class='ocrx_word' id='word_1_232' title='bbox 140 2999 241 3054; x_wconf 86' lang='lat' dir='ltr'><strong>bellum</strong></span> <span class='ocrx_word' id='word_1_233' title='bbox 251 3001 384 3073; x_wconf 84' lang='lat' dir='ltr'><strong>gerebant,</strong></span> <span class='ocrx_word' id='word_1_234' title='bbox 401 3002 529 3068; x_wconf 88' lang='lat' dir='ltr'><strong>miserari,</strong></span> <span class='ocrx_word' id='word_1_235' title='bbox 547 3001 659 3076; x_wconf 79' lang='lat' dir='ltr'><strong>(regium</strong></span> <span class='ocrx_word' id='word_1_236' title='bbox 669 3002 740 3057; x_wconf 88' lang='lat' dir='ltr'><strong>enim</strong></span> <span class='ocrx_word' id='word_1_237' title='bbox 750 3002 898 3073; x_wconf 88' lang='lat' dir='ltr'><strong>equitatum</strong></span> 
     </span>
     <span class='ocr_line' id='line_1_34' title="bbox 102 3072 900 3152; baseline 0.01 -26"><span class='ocrx_word' id='word_1_238' title='bbox 102 3072 189 3129; x_wconf 86' lang='lat' dir='ltr'><strong>Scinio</strong></span> <span class='ocrx_word' id='word_1_239' title='bbox 204 3092 237 3131; x_wconf 84' lang='lat' dir='ltr'><strong>ex</strong></span> <span class='ocrx_word' id='word_1_240' title='bbox 252 3075 386 3147; x_wconf 89' lang='lat' dir='ltr'><strong>provincia</strong></span> <span class='ocrx_word' id='word_1_241' title='bbox 399 3075 485 3132; x_wconf 74' lang='lat' dir='ltr'><strong>Africa</strong></span> <span class='ocrx_word' id='word_1_242' title='bbox 499 3076 604 3152; x_wconf 72' lang='lat' dir='ltr'><strong>alebat)</strong></span> <span class='ocrx_word' id='word_1_243' title='bbox 622 3083 693 3133; x_wconf 89' lang='lat' dir='ltr'><strong>tanta</strong></span> <span class='ocrx_word' id='word_1_244' title='bbox 707 3076 827 3133; x_wconf 88' lang='lat' dir='ltr'><strong>homines</strong></span> <span class='ocrx_word' id='word_1_245' title='bbox 842 3095 900 3135; x_wconf 85' lang='lat' dir='ltr'><strong>essa</strong></span> 
     </span>
    </p>
   </div>
   <div class='ocr_carea' id='block_1_4' title="bbox 0 0 1009 3594">
    <p class='ocr_par' dir='ltr' id='par_1_5' title="bbox 0 0 1009 3594">
     <span class='ocr_line' id='line_1_35' title="bbox 0 0 1009 3594; baseline 0 0"><span class='ocrx_word' id='word_1_246' title='bbox 0 0 1009 3594; x_wconf 95' lang='lat' dir='ltr'><strong> </strong></span> 
     </span>
    </p>
   </div>
  </div>
 </body>
</html>
