<?xml version="1.0" encoding="UTF-8"?>
<!DOCTYPE html PUBLIC "-//W3C//DTD XHTML 1.0 Transitional//EN"
    "http://www.w3.org/TR/xhtml1/DTD/xhtml1-transitional.dtd">
<html xmlns="http://www.w3.org/1999/xhtml" xml:lang="en" lang="en">
 <head>
  <title>
</title>
<meta http-equiv="Content-Type" content="text/html;charset=utf-8" />
  <meta name='ocr-system' content='tesseract 3.04.00' />
  <meta name='ocr-capabilities' content='ocr_page ocr_carea ocr_par ocr_line ocrx_word'/>
</head>
<body>
  <div class='ocr_page' id='page_1' title='image "./ciuliicaesarisc00caesgoog_0506.png"; bbox 0 0 1988 3594; ppageno 0'>
   <div class='ocr_carea' id='block_1_1' title="bbox 82 464 546 515">
    <p class='ocr_par' dir='ltr' id='par_1_1' title="bbox 82 464 546 515">
     <span class='ocr_line' id='line_1_1' title="bbox 82 464 546 515; baseline -0.006 0"><span class='ocrx_word' id='word_1_1' title='bbox 82 464 104 515; x_wconf 58' lang='lat' dir='ltr'>fi</span> <span class='ocrx_word' id='word_1_2' title='bbox 355 466 403 511; x_wconf 90' lang='lat' dir='ltr'><em>DE</em></span> <span class='ocrx_word' id='word_1_3' title='bbox 423 466 546 512; x_wconf 85' lang='lat' dir='ltr'>BELLO</span> 
     </span>
    </p>
   </div>
   <div class='ocr_carea' id='block_1_2' title="bbox 52 566 865 1767">
    <p class='ocr_par' dir='ltr' id='par_1_2' title="bbox 52 566 865 1767">
     <span class='ocr_line' id='line_1_2' title="bbox 74 566 851 641; baseline 0.003 -19"><span class='ocrx_word' id='word_1_4' title='bbox 74 567 188 641; x_wconf 79' lang='lat' dir='ltr'><em>unsiugu</em></span> <span class='ocrx_word' id='word_1_5' title='bbox 200 567 334 622; x_wconf 83' lang='lat' dir='ltr'>nunciavit</span> <span class='ocrx_word' id='word_1_6' title='bbox 344 584 376 621; x_wconf 85' lang='lat' dir='ltr'><em>ex</em></span> <span class='ocrx_word' id='word_1_7' title='bbox 386 567 491 638; x_wconf 87' lang='lat' dir='ltr'><em>oppido,</em></span> <span class='ocrx_word' id='word_1_8' title='bbox 504 566 620 631; x_wconf 83' lang='lat' dir='ltr'><em>lunium,</em></span> <span class='ocrx_word' id='word_1_9' title='bbox 633 567 680 638; x_wconf 89' lang='lat' dir='ltr'><em>qui</em></span> <span class='ocrx_word' id='word_1_10' title='bbox 690 566 718 621; x_wconf 92' lang='lat' dir='ltr'><em>iu</em></span> <span class='ocrx_word' id='word_1_11' title='bbox 728 567 851 625; x_wconf 84' lang='lat' dir='ltr'><em>cuniculo</em></span> 
     </span>
     <span class='ocr_line' id='line_1_3' title="bbox 67 640 851 715; baseline 0.004 -18"><span class='ocrx_word' id='word_1_12' title='bbox 67 644 154 707; x_wconf 82' lang='lat' dir='ltr'><em>uisset,</em></span> <span class='ocrx_word' id='word_1_13' title='bbox 163 642 323 715; x_wconf 81' lang='lat' dir='ltr'><em>iugulatione</em></span> <span class='ocrx_word' id='word_1_14' title='bbox 333 643 523 713; x_wconf 79' lang='lat' dir='ltr'>oppidanorum</span> <span class='ocrx_word' id='word_1_15' title='bbox 534 640 600 696; x_wconf 83' lang='lat' dir='ltr'><em>faeta</em></span> <span class='ocrx_word' id='word_1_16' title='bbox 605 642 740 707; x_wconf 85' lang='lat' dir='ltr'><em>clamasse,</em></span> <span class='ocrx_word' id='word_1_17' title='bbox 747 648 851 712; x_wconf 73' lang='lat' dir='ltr'><em>lacinus</em></span> 
     </span>
     <span class='ocr_line' id='line_1_4' title="bbox 59 720 848 788; baseline 0.003 -16"><span class='ocrx_word' id='word_1_18' title='bbox 59 724 226 788; x_wconf 75' lang='lat' dir='ltr'><em>reaesaudum</em></span> <span class='ocrx_word' id='word_1_19' title='bbox 241 728 264 772; x_wconf 89' lang='lat' dir='ltr'><em>et</em></span> <span class='ocrx_word' id='word_1_20' title='bbox 277 722 359 773; x_wconf 79' lang='lat' dir='ltr'><em>scelus</em></span> <span class='ocrx_word' id='word_1_21' title='bbox 373 722 477 787; x_wconf 71' lang='lat' dir='ltr'><em>iecisse:</em></span> <span class='ocrx_word' id='word_1_22' title='bbox 496 736 557 771; x_wconf 78' lang='lat' dir='ltr'><em>riam</em></span> <span class='ocrx_word' id='word_1_23' title='bbox 575 736 616 772; x_wconf 91' lang='lat' dir='ltr'><em>eos</em></span> <span class='ocrx_word' id='word_1_24' title='bbox 633 720 699 772; x_wconf 81' lang='lat' dir='ltr'><em>uiliil</em></span> <span class='ocrx_word' id='word_1_25' title='bbox 716 724 848 785; x_wconf 87' lang='lat' dir='ltr'><em>meruisse,</em></span> 
     </span>
     <span class='ocr_line' id='line_1_5' title="bbox 53 797 852 865; baseline 0.003 -18"><span class='ocrx_word' id='word_1_26' title='bbox 53 812 135 864; x_wconf 86' lang='lat' dir='ltr'><em>quare</em></span> <span class='ocrx_word' id='word_1_27' title='bbox 149 797 197 847; x_wconf 85' lang='lat' dir='ltr'><em>tali</em></span> <span class='ocrx_word' id='word_1_28' title='bbox 207 812 290 861; x_wconf 85' lang='lat' dir='ltr'><em>poena</em></span> <span class='ocrx_word' id='word_1_29' title='bbox 304 798 483 862; x_wconf 67' lang='lat' dir='ltr'><em>(injicerentur,</em></span> <span class='ocrx_word' id='word_1_30' title='bbox 502 798 547 861; x_wconf 79' lang='lat' dir='ltr'><em>qui</em></span> <span class='ocrx_word' id='word_1_31' title='bbox 561 810 602 847; x_wconf 90' lang='lat' dir='ltr'><em>eos</em></span> <span class='ocrx_word' id='word_1_32' title='bbox 616 798 651 847; x_wconf 87' lang='lat' dir='ltr'><em>acl</em></span> <span class='ocrx_word' id='word_1_33' title='bbox 665 810 729 848; x_wconf 88' lang='lat' dir='ltr'><em>aras</em></span> <span class='ocrx_word' id='word_1_34' title='bbox 742 803 767 848; x_wconf 89' lang='lat' dir='ltr'><em>et</em></span> <span class='ocrx_word' id='word_1_35' title='bbox 779 800 852 865; x_wconf 76' lang='lat' dir='ltr'><em>[ocos</em></span> 
     </span>
     <span class='ocr_line' id='line_1_6' title="bbox 54 872 865 937; baseline 0.004 -15"><span class='ocrx_word' id='word_1_36' title='bbox 54 886 113 922; x_wconf 89' lang='lat' dir='ltr'><em>suos</em></span> <span class='ocrx_word' id='word_1_37' title='bbox 123 874 289 937; x_wconf 59' lang='lat' dir='ltr'><em>recepissenm</em></span> <span class='ocrx_word' id='word_1_38' title='bbox 303 886 392 936; x_wconf 80' lang='lat' dir='ltr'><em>easque</em></span> <span class='ocrx_word' id='word_1_39' title='bbox 402 872 539 936; x_wconf 74' lang='lat' dir='ltr'><em>hospitium</em></span> <span class='ocrx_word' id='word_1_40' title='bbox 548 872 642 922; x_wconf 84' lang='lat' dir='ltr'><em>scelere</em></span> <span class='ocrx_word' id='word_1_41' title='bbox 653 873 865 925; x_wconf 77' lang='lat' dir='ltr'><em>contaminasset·</em></span> 
     </span>
     <span class='ocr_line' id='line_1_7' title="bbox 55 942 851 1015; baseline 0.004 -18"><span class='ocrx_word' id='word_1_42' title='bbox 55 942 137 998; x_wconf 84' lang='lat' dir='ltr'><em>multa</em></span> <span class='ocrx_word' id='word_1_43' title='bbox 153 952 281 1015; x_wconf 83' lang='lat' dir='ltr'><em>praeterea</em></span> <span class='ocrx_word' id='word_1_44' title='bbox 297 943 409 997; x_wconf 81' lang='lat' dir='ltr'>dixisse:</span> <span class='ocrx_word' id='word_1_45' title='bbox 432 960 484 1014; x_wconf 83' lang='lat' dir='ltr'><em>qua</em></span> <span class='ocrx_word' id='word_1_46' title='bbox 499 943 614 997; x_wconf 83' lang='lat' dir='ltr'><em>oratione</em></span> <span class='ocrx_word' id='word_1_47' title='bbox 627 943 776 1009; x_wconf 84' lang='lat' dir='ltr'><em>deterritos,</em></span> <span class='ocrx_word' id='word_1_48' title='bbox 791 960 851 1001; x_wconf 78' lang='lat' dir='ltr'><em>am·</em></span> 
     </span>
     <span class='ocr_line' id='line_1_8' title="bbox 54 1017 502 1091; baseline 0.002 -20"><span class='ocrx_word' id='word_1_49' title='bbox 54 1018 125 1090; x_wconf 87' lang='lat' dir='ltr'><em>plius</em></span> <span class='ocrx_word' id='word_1_50' title='bbox 136 1019 323 1091; x_wconf 74' lang='lat' dir='ltr'><em>iugulationem</em></span> <span class='ocrx_word' id='word_1_51' title='bbox 336 1036 388 1072; x_wconf 95' lang='lat' dir='ltr'><em>non</em></span> <span class='ocrx_word' id='word_1_52' title='bbox 401 1017 502 1072; x_wconf 81' lang='lat' dir='ltr'><em>fecisse.</em></span> 
     </span>
     <span class='ocr_line' id='line_1_9' title="bbox 109 1092 851 1166; baseline 0.004 -18"><span class='ocrx_word' id='word_1_53' title='bbox 109 1095 190 1149; x_wconf 82' lang='lat' dir='ltr'><em>xvu.</em></span> <span class='ocrx_word' id='word_1_54' title='bbox 213 1096 248 1148; x_wconf 83' lang='lat' dir='ltr'><em>lta</em></span> <span class='ocrx_word' id='word_1_55' title='bbox 265 1102 366 1165; x_wconf 88' lang='lat' dir='ltr'><em>postero</em></span> <span class='ocrx_word' id='word_1_56' title='bbox 380 1093 423 1147; x_wconf 90' lang='lat' dir='ltr'><em>die</em></span> <span class='ocrx_word' id='word_1_57' title='bbox 441 1092 544 1147; x_wconf 87' lang='lat' dir='ltr'><em>Tullius</em></span> <span class='ocrx_word' id='word_1_58' title='bbox 562 1092 663 1166; x_wconf 75' lang='lat' dir='ltr'><em>legatus</em></span> <span class='ocrx_word' id='word_1_59' title='bbox 677 1110 739 1147; x_wconf 88' lang='lat' dir='ltr'><em>oum</em></span> <span class='ocrx_word' id='word_1_60' title='bbox 753 1092 851 1151; x_wconf 81' lang='lat' dir='ltr'><em>Catone</em></span> 
     </span>
     <span class='ocr_line' id='line_1_10' title="bbox 56 1168 851 1240; baseline 0.004 -18"><span class='ocrx_word' id='word_1_61' title='bbox 56 1170 262 1224; x_wconf 81' lang='lat' dir='ltr'><em>lusitanovenit</em></span> <span class='ocrx_word' id='word_1_62' title='bbox 280 1177 305 1223; x_wconf 85' lang='lat' dir='ltr'><em>et</em></span> <span class='ocrx_word' id='word_1_63' title='bbox 317 1169 388 1240; x_wconf 84' lang='lat' dir='ltr'><em>apud</em></span> <span class='ocrx_word' id='word_1_64' title='bbox 398 1169 534 1223; x_wconf 82' lang='lat' dir='ltr'><em>Caesarem</em></span> <span class='ocrx_word' id='word_1_65' title='bbox 549 1169 629 1223; x_wconf 83' lang='lat' dir='ltr'><em>verba</em></span> <span class='ocrx_word' id='word_1_66' title='bbox 647 1168 721 1225; x_wconf 84' lang='lat' dir='ltr'><em>feeit:</em></span> <span class='ocrx_word' id='word_1_67' title='bbox 745 1170 851 1225; x_wconf 86' lang='lat' dir='ltr'><em>Utinam</em></span> 
     </span>
     <span class='ocr_line' id='line_1_11' title="bbox 55 1248 848 1314; baseline 0.003 -16"><span class='ocrx_word' id='word_1_68' title='bbox 55 1250 156 1314; x_wconf 85' lang='lat' dir='ltr'><em>quictem</em></span> <span class='ocrx_word' id='word_1_69' title='bbox 174 1251 212 1299; x_wconf 79' lang='lat' dir='ltr'><em>elii</em></span> <span class='ocrx_word' id='word_1_70' title='bbox 231 1248 387 1299; x_wconf 87' lang='lat' dir='ltr'><em>immortales</em></span> <span class='ocrx_word' id='word_1_71' title='bbox 400 1249 526 1313; x_wconf 71' lang='lat' dir='ltr'><em>iecissent,</em></span> <span class='ocrx_word' id='word_1_72' title='bbox 549 1253 579 1297; x_wconf 89' lang='lat' dir='ltr'><em>ut</em></span> <span class='ocrx_word' id='word_1_73' title='bbox 596 1254 655 1298; x_wconf 87' lang='lat' dir='ltr'><em>tuus</em></span> <span class='ocrx_word' id='word_1_74' title='bbox 667 1250 753 1313; x_wconf 89' lang='lat' dir='ltr'><em>potius</em></span> <span class='ocrx_word' id='word_1_75' title='bbox 765 1248 848 1311; x_wconf 87' lang='lat' dir='ltr'><em>miles,</em></span> 
     </span>
     <span class='ocr_line' id='line_1_12' title="bbox 55 1320 850 1395; baseline 0.001 -21"><span class='ocrx_word' id='word_1_76' title='bbox 55 1339 132 1390; x_wconf 80' lang='lat' dir='ltr'><em>paam</em></span> <span class='ocrx_word' id='word_1_77' title='bbox 140 1320 185 1374; x_wconf 85' lang='lat' dir='ltr'><em>Cn.</em></span> <span class='ocrx_word' id='word_1_78' title='bbox 193 1322 311 1388; x_wconf 86' lang='lat' dir='ltr'><em>Pompe-ii,</em></span> <span class='ocrx_word' id='word_1_79' title='bbox 323 1325 408 1389; x_wconf 73' lang='lat' dir='ltr'><em>laetus</em></span> <span class='ocrx_word' id='word_1_80' title='bbox 418 1337 496 1373; x_wconf 90' lang='lat' dir='ltr'><em>essem</em></span> <span class='ocrx_word' id='word_1_81' title='bbox 505 1329 529 1372; x_wconf 91' lang='lat' dir='ltr'><em>et</em></span> <span class='ocrx_word' id='word_1_82' title='bbox 539 1324 605 1374; x_wconf 87' lang='lat' dir='ltr'><em>bane</em></span> <span class='ocrx_word' id='word_1_83' title='bbox 615 1325 719 1375; x_wconf 83' lang='lat' dir='ltr'><em>virtutis</em></span> <span class='ocrx_word' id='word_1_84' title='bbox 730 1329 850 1395; x_wconf 58' lang='lat' dir='ltr'><em>coustaay</em></span> 
     </span>
     <span class='ocr_line' id='line_1_13' title="bbox 55 1397 850 1463; baseline -0.001 -12"><span class='ocrx_word' id='word_1_85' title='bbox 55 1402 118 1451; x_wconf 89' lang='lat' dir='ltr'><em>tiam</em></span> <span class='ocrx_word' id='word_1_86' title='bbox 128 1401 154 1449; x_wconf 88' lang='lat' dir='ltr'><em>iu</em></span> <span class='ocrx_word' id='word_1_87' title='bbox 166 1405 210 1449; x_wconf 87' lang='lat' dir='ltr'><em>lua</em></span> <span class='ocrx_word' id='word_1_88' title='bbox 220 1400 396 1458; x_wconf 73' lang='lat' dir='ltr'><em>victorianae</em></span> <span class='ocrx_word' id='word_1_89' title='bbox 405 1399 433 1448; x_wconf 86' lang='lat' dir='ltr'><em>iu</em></span> <span class='ocrx_word' id='word_1_90' title='bbox 443 1397 515 1448; x_wconf 89' lang='lat' dir='ltr'><em>illius</em></span> <span class='ocrx_word' id='word_1_91' title='bbox 523 1397 670 1449; x_wconf 73' lang='lat' dir='ltr'><em>calamitate</em></span> <span class='ocrx_word' id='word_1_92' title='bbox 677 1405 850 1463; x_wconf 82' lang='lat' dir='ltr'><em>praestarem:</em></span> 
     </span>
     <span class='ocr_line' id='line_1_14' title="bbox 56 1470 852 1540; baseline -0.001 -14"><span class='ocrx_word' id='word_1_93' title='bbox 56 1477 129 1526; x_wconf 88' lang='lat' dir='ltr'><em>euius</em></span> <span class='ocrx_word' id='word_1_94' title='bbox 142 1477 258 1540; x_wconf 73' lang='lat' dir='ltr'><em>funestae</em></span> <span class='ocrx_word' id='word_1_95' title='bbox 274 1473 362 1524; x_wconf 79' lang='lat' dir='ltr'><em>laudes</em></span> <span class='ocrx_word' id='word_1_96' title='bbox 372 1474 465 1540; x_wconf 84' lang='lat' dir='ltr'><em>quippe</em></span> <span class='ocrx_word' id='word_1_97' title='bbox 480 1474 514 1524; x_wconf 81' lang='lat' dir='ltr'><em>aa</em></span> <span class='ocrx_word' id='word_1_98' title='bbox 528 1473 594 1524; x_wconf 88' lang='lat' dir='ltr'><em>bauo</em></span> <span class='ocrx_word' id='word_1_99' title='bbox 607 1470 739 1535; x_wconf 77' lang='lat' dir='ltr'><em>fortunam</em></span> <span class='ocrx_word' id='word_1_100' title='bbox 751 1476 852 1525; x_wconf 81' lang='lat' dir='ltr'><em>reoide-</em></span> 
     </span>
     <span class='ocr_line' id='line_1_15' title="bbox 54 1542 851 1619; baseline -0.003 -17"><span class='ocrx_word' id='word_1_101' title='bbox 54 1556 124 1608; x_wconf 87' lang='lat' dir='ltr'><em>runt,</em></span> <span class='ocrx_word' id='word_1_102' title='bbox 142 1556 170 1600; x_wconf 87' lang='lat' dir='ltr'><em>ut</em></span> <span class='ocrx_word' id='word_1_103' title='bbox 181 1547 372 1609; x_wconf 85' lang='lat' dir='ltr'><em>cieesllomaai,</em></span> <span class='ocrx_word' id='word_1_104' title='bbox 388 1550 673 1615; x_wconf 82' lang='lat' dir='ltr'><em>iadipmtespraesidii,</em></span> <span class='ocrx_word' id='word_1_105' title='bbox 690 1542 733 1619; x_wconf 82' lang='lat' dir='ltr'><em>[et]</em></span> <span class='ocrx_word' id='word_1_106' title='bbox 741 1555 851 1615; x_wconf 83' lang='lat' dir='ltr'><em>propter</em></span> 
     </span>
     <span class='ocr_line' id='line_1_16' title="bbox 52 1623 850 1693; baseline 0.001 -17"><span class='ocrx_word' id='word_1_107' title='bbox 52 1627 157 1693; x_wconf 79' lang='lat' dir='ltr'><em>patriae</em></span> <span class='ocrx_word' id='word_1_108' title='bbox 167 1625 308 1675; x_wconf 87' lang='lat' dir='ltr'><em>luctuosam</em></span> <span class='ocrx_word' id='word_1_109' title='bbox 315 1625 456 1689; x_wconf 80' lang='lat' dir='ltr'><em>perniciem</em></span> <span class='ocrx_word' id='word_1_110' title='bbox 469 1625 594 1674; x_wconf 78' lang='lat' dir='ltr'><em>dedamur</em></span> <span class='ocrx_word' id='word_1_111' title='bbox 607 1623 716 1675; x_wconf 90' lang='lat' dir='ltr'><em>bostium</em></span> <span class='ocrx_word' id='word_1_112' title='bbox 730 1638 850 1677; x_wconf 84' lang='lat' dir='ltr'><em>numero:</em></span> 
     </span>
     <span class='ocr_line' id='line_1_17' title="bbox 55 1700 848 1767; baseline -0.001 -16"><span class='ocrx_word' id='word_1_113' title='bbox 55 1703 100 1767; x_wconf 85' lang='lat' dir='ltr'><em>qai</em></span> <span class='ocrx_word' id='word_1_114' title='bbox 119 1715 199 1765; x_wconf 74' lang='lat' dir='ltr'><em>neatis</em></span> <span class='ocrx_word' id='word_1_115' title='bbox 218 1701 246 1752; x_wconf 85' lang='lat' dir='ltr'><em>ia</em></span> <span class='ocrx_word' id='word_1_116' title='bbox 265 1701 337 1751; x_wconf 89' lang='lat' dir='ltr'><em>illius</em></span> <span class='ocrx_word' id='word_1_117' title='bbox 354 1713 480 1765; x_wconf 83' lang='lat' dir='ltr'><em>prospero</em></span> <span class='ocrx_word' id='word_1_118' title='bbox 498 1700 555 1750; x_wconf 83' lang='lat' dir='ltr'><em>aeis</em></span> <span class='ocrx_word' id='word_1_119' title='bbox 573 1700 687 1764; x_wconf 88' lang='lat' dir='ltr'><em>primam</em></span> <span class='ocrx_word' id='word_1_120' title='bbox 707 1701 848 1766; x_wconf 72' lang='lat' dir='ltr'><em>fortunam,</em></span> 
     </span>
    </p>
   </div>
   <div class='ocr_carea' id='block_1_3' title="bbox 54 1774 961 1842">
    <p class='ocr_par' dir='ltr' id='par_1_3' title="bbox 54 1774 961 1842">
     <span class='ocr_line' id='line_1_18' title="bbox 54 1774 961 1842; baseline 0 -15"><span class='ocrx_word' id='word_1_121' title='bbox 54 1791 134 1842; x_wconf 85' lang='lat' dir='ltr'><em>aeque</em></span> <span class='ocrx_word' id='word_1_122' title='bbox 148 1778 175 1826; x_wconf 88' lang='lat' dir='ltr'><em>iu</em></span> <span class='ocrx_word' id='word_1_123' title='bbox 189 1777 299 1827; x_wconf 76' lang='lat' dir='ltr'><em>altaersu</em></span> <span class='ocrx_word' id='word_1_124' title='bbox 312 1776 450 1827; x_wconf 82' lang='lat' dir='ltr'><em>secundam</em></span> <span class='ocrx_word' id='word_1_125' title='bbox 465 1774 621 1826; x_wconf 74' lang='lat' dir='ltr'><em>obtinuimus</em></span> <span class='ocrx_word' id='word_1_126' title='bbox 632 1776 784 1825; x_wconf 82' lang='lat' dir='ltr'><em>victoriam:</em></span> <span class='ocrx_word' id='word_1_127' title='bbox 804 1776 851 1841; x_wconf 74' lang='lat' dir='ltr'><em>aui</em></span> <span class='ocrx_word' id='word_1_128' title='bbox 924 1832 928 1837; x_wconf 64' lang='grc'><strong>,</strong></span> <span class='ocrx_word' id='word_1_129' title='bbox 957 1788 961 1797; x_wconf 95' lang='grc'><strong><em>·</em></strong></span> 
     </span>
    </p>
   </div>
   <div class='ocr_carea' id='block_1_4' title="bbox 54 1850 853 2822">
    <p class='ocr_par' dir='ltr' id='par_1_4' title="bbox 54 1850 852 2364">
     <span class='ocr_line' id='line_1_19' title="bbox 56 1850 852 1917; baseline -0.003 -14"><span class='ocrx_word' id='word_1_130' title='bbox 56 1853 179 1917; x_wconf 78' lang='lat' dir='ltr'><em>lepiouura</em></span> <span class='ocrx_word' id='word_1_131' title='bbox 193 1858 228 1901; x_wconf 91' lang='lat' dir='ltr'><em>tot</em></span> <span class='ocrx_word' id='word_1_132' title='bbox 237 1854 345 1916; x_wconf 85' lang='lat' dir='ltr'><em>impetus</em></span> <span class='ocrx_word' id='word_1_133' title='bbox 354 1856 532 1910; x_wconf 84' lang='lat' dir='ltr'><em>sustentantes,</em></span> <span class='ocrx_word' id='word_1_134' title='bbox 552 1852 686 1900; x_wconf 81' lang='lat' dir='ltr'><em>nocturnis</em></span> <span class='ocrx_word' id='word_1_135' title='bbox 699 1850 852 1916; x_wconf 80' lang='lat' dir='ltr'><em>diurnisque</em></span> 
     </span>
     <span class='ocr_line' id='line_1_20' title="bbox 55 1926 852 1992; baseline -0.003 -14"><span class='ocrx_word' id='word_1_136' title='bbox 55 1928 173 1992; x_wconf 77' lang='lat' dir='ltr'><em>operibus</em></span> <span class='ocrx_word' id='word_1_137' title='bbox 187 1927 332 1990; x_wconf 83' lang='lat' dir='ltr'><em>plartiorum</em></span> <span class='ocrx_word' id='word_1_138' title='bbox 347 1927 414 1975; x_wconf 83' lang='lat' dir='ltr'><em>ictus</em></span> <span class='ocrx_word' id='word_1_139' title='bbox 424 1926 581 1990; x_wconf 79' lang='lat' dir='ltr'><em>telorumque</em></span> <span class='ocrx_word' id='word_1_140' title='bbox 594 1927 687 1976; x_wconf 89' lang='lat' dir='ltr'><em>missus</em></span> <span class='ocrx_word' id='word_1_141' title='bbox 697 1931 852 1989; x_wconf 79' lang='lat' dir='ltr'><em>easpeetau-</em></span> 
     </span>
     <span class='ocr_line' id='line_1_21' title="bbox 56 1998 851 2063; baseline -0.004 -10"><span class='ocrx_word' id='word_1_142' title='bbox 56 2010 100 2059; x_wconf 86' lang='lat' dir='ltr'><em>tes,</em></span> <span class='ocrx_word' id='word_1_143' title='bbox 110 2004 172 2051; x_wconf 82' lang='lat' dir='ltr'><em>vicli</em></span> <span class='ocrx_word' id='word_1_144' title='bbox 183 2006 206 2050; x_wconf 86' lang='lat' dir='ltr'><em>et</em></span> <span class='ocrx_word' id='word_1_145' title='bbox 215 2001 309 2049; x_wconf 83' lang='lat' dir='ltr'><em>deserti</em></span> <span class='ocrx_word' id='word_1_146' title='bbox 318 2014 335 2049; x_wconf 92' lang='lat' dir='ltr'><em>a</em></span> <span class='ocrx_word' id='word_1_147' title='bbox 346 1998 468 2062; x_wconf 85' lang='lat' dir='ltr'><em>Pompeio,</em></span> <span class='ocrx_word' id='word_1_148' title='bbox 481 2006 525 2049; x_wconf 91' lang='lat' dir='ltr'><em>tua</em></span> <span class='ocrx_word' id='word_1_149' title='bbox 535 2000 630 2049; x_wconf 85' lang='lat' dir='ltr'><em>uirtute</em></span> <span class='ocrx_word' id='word_1_150' title='bbox 639 2001 763 2063; x_wconf 83' lang='lat' dir='ltr'><em>superati,</em></span> <span class='ocrx_word' id='word_1_151' title='bbox 776 2000 851 2051; x_wconf 90' lang='lat' dir='ltr'><em>salu-</em></span> 
     </span>
     <span class='ocr_line' id='line_1_22' title="bbox 56 2073 851 2140; baseline -0.004 -12"><span class='ocrx_word' id='word_1_152' title='bbox 56 2084 129 2128; x_wconf 88' lang='lat' dir='ltr'><em>tema</em></span> <span class='ocrx_word' id='word_1_153' title='bbox 142 2082 185 2125; x_wconf 87' lang='lat' dir='ltr'><em>tua</em></span> <span class='ocrx_word' id='word_1_154' title='bbox 197 2076 329 2124; x_wconf 86' lang='lat' dir='ltr'><em>elemmlia</em></span> <span class='ocrx_word' id='word_1_155' title='bbox 339 2075 511 2138; x_wconf 78' lang='lat' dir='ltr'><em>deposcimus;</em></span> <span class='ocrx_word' id='word_1_156' title='bbox 528 2073 695 2138; x_wconf 79' lang='lat' dir='ltr'><em>petimusque,</em></span> <span class='ocrx_word' id='word_1_157' title='bbox 710 2080 739 2124; x_wconf 90' lang='lat' dir='ltr'><em>ut</em></span> <span class='ocrx_word' id='word_1_158' title='bbox 750 2074 851 2140; x_wconf 81' lang='lat' dir='ltr'><em>qualem</em></span> 
     </span>
     <span class='ocr_line' id='line_1_23' title="bbox 56 2147 852 2217; baseline -0.005 -13"><span class='ocrx_word' id='word_1_159' title='bbox 56 2160 79 2204; x_wconf 88' lang='lat' dir='ltr'><em>le</em></span> <span class='ocrx_word' id='word_1_160' title='bbox 87 2151 203 2217; x_wconf 80' lang='lat' dir='ltr'><em>pentibus</em></span> <span class='ocrx_word' id='word_1_161' title='bbox 210 2149 373 2213; x_wconf 84' lang='lat' dir='ltr'><em>praestitisti,</em></span> <span class='ocrx_word' id='word_1_162' title='bbox 380 2147 488 2199; x_wconf 83' lang='lat' dir='ltr'><em>similem</em></span> <span class='ocrx_word' id='word_1_163' title='bbox 498 2150 526 2197; x_wconf 86' lang='lat' dir='ltr'><em>ia</em></span> <span class='ocrx_word' id='word_1_164' title='bbox 536 2149 629 2199; x_wconf 84' lang='lat' dir='ltr'><em>ciuium</em></span> <span class='ocrx_word' id='word_1_165' title='bbox 639 2150 765 2199; x_wconf 78' lang='lat' dir='ltr'><em>deditione</em></span> <span class='ocrx_word' id='word_1_166' title='bbox 771 2164 852 2214; x_wconf 87' lang='lat' dir='ltr'><em>prae-</em></span> 
     </span>
     <span class='ocr_line' id='line_1_24' title="bbox 54 2220 851 2290; baseline -0.005 -10"><span class='ocrx_word' id='word_1_167' title='bbox 54 2234 112 2281; x_wconf 88' lang='lat' dir='ltr'><em>stes.</em></span> <span class='ocrx_word' id='word_1_168' title='bbox 142 2223 181 2281; x_wconf 84' lang='lat' dir='ltr'><em>Et,</em></span> <span class='ocrx_word' id='word_1_169' title='bbox 194 2224 301 2290; x_wconf 78' lang='lat' dir='ltr'><em>qrialem,</em></span> <span class='ocrx_word' id='word_1_170' title='bbox 317 2220 360 2284; x_wconf 86' lang='lat' dir='ltr'><em>ait,</em></span> <span class='ocrx_word' id='word_1_171' title='bbox 376 2223 492 2289; x_wconf 82' lang='lat' dir='ltr'><em>pentibus</em></span> <span class='ocrx_word' id='word_1_172' title='bbox 507 2238 545 2273; x_wconf 84' lang='lat' dir='ltr'><em>me</em></span> <span class='ocrx_word' id='word_1_173' title='bbox 556 2224 686 2289; x_wconf 87' lang='lat' dir='ltr'><em>praestiti,</em></span> <span class='ocrx_word' id='word_1_174' title='bbox 701 2224 809 2276; x_wconf 84' lang='lat' dir='ltr'><em>similem</em></span> <span class='ocrx_word' id='word_1_175' title='bbox 822 2226 851 2277; x_wconf 84' lang='lat' dir='ltr'><em>iu</em></span> 
     </span>
     <span class='ocr_line' id='line_1_25' title="bbox 57 2299 440 2364; baseline -0.013 -9"><span class='ocrx_word' id='word_1_176' title='bbox 57 2305 150 2357; x_wconf 84' lang='lat' dir='ltr'><em>ciuium</em></span> <span class='ocrx_word' id='word_1_177' title='bbox 160 2302 285 2351; x_wconf 82' lang='lat' dir='ltr'><em>deditione</em></span> <span class='ocrx_word' id='word_1_178' title='bbox 292 2299 440 2364; x_wconf 89' lang='lat' dir='ltr'><em>praestabo.</em></span> 
     </span>
    </p>

    <p class='ocr_par' dir='ltr' id='par_1_5' title="bbox 56 2370 853 2822">
     <span class='ocr_line' id='line_1_26' title="bbox 110 2370 852 2444; baseline -0.004 -15"><span class='ocrx_word' id='word_1_179' title='bbox 110 2375 205 2429; x_wconf 89' lang='lat' dir='ltr'><em>XVlll.</em></span> <span class='ocrx_word' id='word_1_180' title='bbox 227 2370 352 2426; x_wconf 84' lang='lat' dir='ltr'><em>Remissis</em></span> <span class='ocrx_word' id='word_1_181' title='bbox 368 2370 467 2443; x_wconf 80' lang='lat' dir='ltr'><em>legatis,</em></span> <span class='ocrx_word' id='word_1_182' title='bbox 489 2389 574 2444; x_wconf 91' lang='lat' dir='ltr'><em>quum</em></span> <span class='ocrx_word' id='word_1_183' title='bbox 597 2371 750 2444; x_wconf 75' lang='lat' dir='ltr'><em>adponam</em></span> <span class='ocrx_word' id='word_1_184' title='bbox 762 2371 852 2426; x_wconf 87' lang='lat' dir='ltr'><em>venis-</em></span> 
     </span>
     <span class='ocr_line' id='line_1_27' title="bbox 57 2446 853 2519; baseline -0.001 -16"><span class='ocrx_word' id='word_1_185' title='bbox 57 2458 123 2514; x_wconf 85' lang='lat' dir='ltr'><em>sent,</em></span> <span class='ocrx_word' id='word_1_186' title='bbox 139 2450 177 2503; x_wconf 87' lang='lat' dir='ltr'><em>Ti.</em></span> <span class='ocrx_word' id='word_1_187' title='bbox 189 2448 292 2502; x_wconf 88' lang='lat' dir='ltr'><em>Tullius</em></span> <span class='ocrx_word' id='word_1_188' title='bbox 302 2465 387 2519; x_wconf 91' lang='lat' dir='ltr'><em>quum</em></span> <span class='ocrx_word' id='word_1_189' title='bbox 398 2447 572 2502; x_wconf 81' lang='lat' dir='ltr'><em>introeuntem</em></span> <span class='ocrx_word' id='word_1_190' title='bbox 583 2447 613 2502; x_wconf 93' lang='lat' dir='ltr'><em>C.</em></span> <span class='ocrx_word' id='word_1_191' title='bbox 625 2446 770 2502; x_wconf 77' lang='lat' dir='ltr'><em>Antonium</em></span> <span class='ocrx_word' id='word_1_192' title='bbox 781 2446 853 2502; x_wconf 83' lang='lat' dir='ltr'><em>inse-</em></span> 
     </span>
     <span class='ocr_line' id='line_1_28' title="bbox 56 2522 852 2593; baseline -0.003 -14"><span class='ocrx_word' id='word_1_193' title='bbox 56 2535 133 2579; x_wconf 87' lang='lat' dir='ltr'><em>cutus</em></span> <span class='ocrx_word' id='word_1_194' title='bbox 144 2543 195 2579; x_wconf 92' lang='lat' dir='ltr'><em>non</em></span> <span class='ocrx_word' id='word_1_195' title='bbox 210 2531 285 2588; x_wconf 84' lang='lat' dir='ltr'><em>esset,</em></span> <span class='ocrx_word' id='word_1_196' title='bbox 304 2524 408 2577; x_wconf 83' lang='lat' dir='ltr'><em>revertit</em></span> <span class='ocrx_word' id='word_1_197' title='bbox 424 2522 456 2576; x_wconf 82' lang='lat' dir='ltr'><em>ad</em></span> <span class='ocrx_word' id='word_1_198' title='bbox 467 2530 568 2593; x_wconf 81' lang='lat' dir='ltr'><em>portam</em></span> <span class='ocrx_word' id='word_1_199' title='bbox 578 2531 602 2577; x_wconf 85' lang='lat' dir='ltr'><em>et</em></span> <span class='ocrx_word' id='word_1_200' title='bbox 612 2523 746 2578; x_wconf 86' lang='lat' dir='ltr'><em>hominem</em></span> <span class='ocrx_word' id='word_1_201' title='bbox 758 2522 852 2593; x_wconf 84' lang='lat' dir='ltr'><em>adpre-</em></span> 
     </span>
     <span class='ocr_line' id='line_1_29' title="bbox 58 2598 852 2669; baseline -0.003 -14"><span class='ocrx_word' id='word_1_202' title='bbox 58 2600 161 2655; x_wconf 83' lang='lat' dir='ltr'><em>hendit.</em></span> <span class='ocrx_word' id='word_1_203' title='bbox 188 2599 264 2665; x_wconf 83' lang='lat' dir='ltr'><em>Quod</em></span> <span class='ocrx_word' id='word_1_204' title='bbox 273 2599 393 2653; x_wconf 85' lang='lat' dir='ltr'><em>Tiberius</em></span> <span class='ocrx_word' id='word_1_205' title='bbox 407 2616 492 2669; x_wconf 91' lang='lat' dir='ltr'><em>quum</em></span> <span class='ocrx_word' id='word_1_206' title='bbox 509 2598 563 2652; x_wconf 85' lang='lat' dir='ltr'><em>fieri</em></span> <span class='ocrx_word' id='word_1_207' title='bbox 579 2598 770 2663; x_wconf 82' lang='lat' dir='ltr'><em>animadvertit,</em></span> <span class='ocrx_word' id='word_1_208' title='bbox 789 2598 852 2653; x_wconf 87' lang='lat' dir='ltr'><em>sinu</em></span> 
     </span>
     <span class='ocr_line' id='line_1_30' title="bbox 58 2673 853 2747; baseline -0.001 -18"><span class='ocrx_word' id='word_1_209' title='bbox 58 2676 199 2747; x_wconf 71' lang='lat' dir='ltr'><em>pugionem</em></span> <span class='ocrx_word' id='word_1_210' title='bbox 209 2674 300 2729; x_wconf 84' lang='lat' dir='ltr'><em>eduxit</em></span> <span class='ocrx_word' id='word_1_211' title='bbox 310 2681 335 2728; x_wconf 85' lang='lat' dir='ltr'><em>et</em></span> <span class='ocrx_word' id='word_1_212' title='bbox 346 2691 455 2727; x_wconf 76' lang='lat' dir='ltr'><em>nianum</em></span> <span class='ocrx_word' id='word_1_213' title='bbox 466 2674 523 2728; x_wconf 85' lang='lat' dir='ltr'><em>eius</em></span> <span class='ocrx_word' id='word_1_214' title='bbox 534 2674 633 2728; x_wconf 85' lang='lat' dir='ltr'><em>incidit.</em></span> <span class='ocrx_word' id='word_1_215' title='bbox 655 2676 691 2728; x_wconf 84' lang='lat' dir='ltr'><em>Ita</em></span> <span class='ocrx_word' id='word_1_216' title='bbox 701 2673 853 2747; x_wconf 79' lang='lat' dir='ltr'><em>refugerunt</em></span> 
     </span>
     <span class='ocr_line' id='line_1_31' title="bbox 59 2748 852 2822; baseline 0.004 -21"><span class='ocrx_word' id='word_1_217' title='bbox 59 2750 92 2802; x_wconf 85' lang='lat' dir='ltr'><em>ad</em></span> <span class='ocrx_word' id='word_1_218' title='bbox 105 2750 251 2805; x_wconf 84' lang='lat' dir='ltr'><em>Caesarem.</em></span> <span class='ocrx_word' id='word_1_219' title='bbox 282 2749 434 2820; x_wconf 81' lang='lat' dir='ltr'><em>Eodemque</em></span> <span class='ocrx_word' id='word_1_220' title='bbox 448 2758 563 2821; x_wconf 84' lang='lat' dir='ltr'><em>tempore</em></span> <span class='ocrx_word' id='word_1_221' title='bbox 577 2749 686 2822; x_wconf 79' lang='lat' dir='ltr'><em>signifer</em></span> <span class='ocrx_word' id='word_1_222' title='bbox 701 2749 733 2803; x_wconf 87' lang='lat' dir='ltr'><em>de</em></span> <span class='ocrx_word' id='word_1_223' title='bbox 751 2748 852 2821; x_wconf 79' lang='lat' dir='ltr'><em>legione</em></span> 
     </span>
    </p>
   </div>
   <div class='ocr_carea' id='block_1_5' title="bbox 59 2824 853 3048">
    <p class='ocr_par' dir='ltr' id='par_1_6' title="bbox 59 2824 853 3048">
     <span class='ocr_line' id='line_1_32' title="bbox 59 2824 853 2897; baseline 0.005 -22"><span class='ocrx_word' id='word_1_224' title='bbox 59 2824 143 2894; x_wconf 84' lang='lat' dir='ltr'><em>prima</em></span> <span class='ocrx_word' id='word_1_225' title='bbox 158 2824 299 2897; x_wconf 73' lang='lat' dir='ltr'><em>transfugit</em></span> <span class='ocrx_word' id='word_1_226' title='bbox 312 2831 336 2878; x_wconf 87' lang='lat' dir='ltr'><em>et</em></span> <span class='ocrx_word' id='word_1_227' title='bbox 352 2824 499 2890; x_wconf 83' lang='lat' dir='ltr'><em>nunciavit,</em></span> <span class='ocrx_word' id='word_1_228' title='bbox 517 2842 570 2895; x_wconf 93' lang='lat' dir='ltr'><em>quo</em></span> <span class='ocrx_word' id='word_1_229' title='bbox 587 2825 630 2879; x_wconf 87' lang='lat' dir='ltr'><em>die</em></span> <span class='ocrx_word' id='word_1_230' title='bbox 644 2830 763 2897; x_wconf 83' lang='lat' dir='ltr'><em>squestro</em></span> <span class='ocrx_word' id='word_1_231' title='bbox 776 2841 853 2894; x_wconf 83' lang='lat' dir='ltr'><em>proe-</em></span> 
     </span>
     <span class='ocr_line' id='line_1_33' title="bbox 61 2898 850 2973; baseline 0.006 -23"><span class='ocrx_word' id='word_1_232' title='bbox 61 2898 125 2953; x_wconf 88' lang='lat' dir='ltr'><em>lium</em></span> <span class='ocrx_word' id='word_1_233' title='bbox 137 2898 232 2955; x_wconf 84' lang='lat' dir='ltr'><em>laatum</em></span> <span class='ocrx_word' id='word_1_234' title='bbox 243 2907 320 2964; x_wconf 85' lang='lat' dir='ltr'><em>esset,</em></span> <span class='ocrx_word' id='word_1_235' title='bbox 332 2915 404 2953; x_wconf 79' lang='lat' dir='ltr'><em>esua</em></span> <span class='ocrx_word' id='word_1_236' title='bbox 413 2899 491 2973; x_wconf 78' lang='lat' dir='ltr'><em>signo</em></span> <span class='ocrx_word' id='word_1_237' title='bbox 499 2900 598 2969; x_wconf 84' lang='lat' dir='ltr'><em>perisso</em></span> <span class='ocrx_word' id='word_1_238' title='bbox 607 2901 728 2955; x_wconf 82' lang='lat' dir='ltr'><em>homines</em></span> <span class='ocrx_word' id='word_1_239' title='bbox 737 2899 850 2964; x_wconf 87' lang='lat' dir='ltr'><em>XXXV,</em></span> 
     </span>
     <span class='ocr_line' id='line_1_34' title="bbox 61 2973 851 3048; baseline 0.001 -20"><span class='ocrx_word' id='word_1_240' title='bbox 61 2989 146 3045; x_wconf 83' lang='lat' dir='ltr'><em>neque</em></span> <span class='ocrx_word' id='word_1_241' title='bbox 157 2974 233 3031; x_wconf 82' lang='lat' dir='ltr'><em>lisere</em></span> <span class='ocrx_word' id='word_1_242' title='bbox 245 2975 337 3030; x_wconf 78' lang='lat' dir='ltr'><em>castris</em></span> <span class='ocrx_word' id='word_1_243' title='bbox 348 2973 394 3029; x_wconf 89' lang='lat' dir='ltr'><em>Cn.</em></span> <span class='ocrx_word' id='word_1_244' title='bbox 410 2973 527 3046; x_wconf 85' lang='lat' dir='ltr'><em>Pompeii</em></span> <span class='ocrx_word' id='word_1_245' title='bbox 542 2975 671 3042; x_wconf 72' lang='lat' dir='ltr'><em>nunciati,</em></span> <span class='ocrx_word' id='word_1_246' title='bbox 691 2990 777 3048; x_wconf 85' lang='lat' dir='ltr'><em>neque</em></span> <span class='ocrx_word' id='word_1_247' title='bbox 791 2974 851 3040; x_wconf 87' lang='lat' dir='ltr'><em>dici,</em></span> 
     </span>
    </p>
   </div>
   <div class='ocr_carea' id='block_1_6' title="bbox 0 0 1006 3594">
    <p class='ocr_par' dir='ltr' id='par_1_7' title="bbox 0 0 1006 3594">
     <span class='ocr_line' id='line_1_35' title="bbox 0 0 1006 3594; baseline 0 0"><span class='ocrx_word' id='word_1_248' title='bbox 0 0 1006 3594; x_wconf 95' lang='lat' dir='ltr'><em> </em></span> 
     </span>
    </p>
   </div>
  </div>
 </body>
</html>
