1988 3594
212 733 244 787 tt
417 740 465 786 nn
490 741 612 785 animo
638 740 802 785 catanien

265 841 335 894 XIII.
356 840 458 904 Caesar,
479 840 616 894 obsidibus
632 841 750 911 acceptis,
773 840 867 910 primis
884 839 982 893 civitati

210 922 289 987 atque
298 915 383 986 ipsius
393 914 491 969 Galbae
500 915 568 988 regis
579 914 683 969 duobus
694 915 765 974 liliis,
778 914 912 984 armisque
921 931 994 968 omn

210 991 261 1043 bns
271 1008 304 1044 ex
314 989 409 1060 oppido
421 988 532 1052 traditis,
554 989 581 1042 in
597 989 755 1051 deditIonem
770 988 924 1042 Suessiones
938 1006 992 1042 acc·

210 1066 257 1134 pit,
279 1065 476 1135 exercitumque
489 1064 517 1116 in
531 1062 679 1118 Bellovacos
699 1063 780 1116 ducit.
805 1061 856 1129 Qui
877 1080 962 1133 quum
985 1086 991 1094 ·

211 1156 312 1209 suaque
321 1138 408 1192 omnia
421 1139 447 1191 in
458 1137 584 1207 oppidum
598 1137 812 1208 Bratuspantium
825 1136 986 1191 contulissen

211 1219 289 1283 atque
303 1213 335 1267 ab
349 1230 379 1266 eo
388 1212 484 1283 oppido
498 1212 592 1266 Caesar
606 1229 667 1265 cum
682 1211 797 1266 exercitu
815 1211 917 1264 circiter
926 1210 992 1264 mill'

211 1304 338 1358 passuum
349 1288 470 1358 quinque
479 1287 589 1351 abesset,
604 1304 696 1340 omnes
707 1286 819 1340 maiores
829 1293 902 1350 natu,
919 1302 952 1339 ox
961 1301 990 1338 o·

210 1362 272 1432 pido
281 1362 389 1434 egressi,
401 1379 497 1415 manus
508 1360 541 1415 ad
555 1361 691 1415 Caesarem
702 1360 807 1414 tendere
816 1367 840 1414 et
851 1377 913 1415 voce
925 1361 985 1432 sIgn

212 1437 287 1490 licere
296 1444 445 1507 coeperunt,
453 1453 510 1490 sese
520 1436 547 1488 in
558 1436 615 1489 eius
625 1435 704 1490 tidem
714 1453 744 1489 aa
750 1441 902 1505 potestatem
908 1435 994 1489 venir

211 1528 297 1581 neque
315 1519 403 1564 contra
424 1509 552 1581 populum
577 1512 726 1564 Romanum
746 1509 828 1563 armis
846 1509 994 1563 contende:

211 1587 284 1649 Item,
299 1602 383 1655 quum
395 1585 428 1638 ad
437 1584 564 1655 oppidum
575 1585 725 1639 accessisset
733 1592 870 1654 castraque
880 1584 917 1637 ibi
928 1600 991 1654 pon

210 1667 256 1723 ret,
278 1660 352 1729 pueri
367 1658 545 1730 mulieresque
562 1678 595 1714 ex
615 1676 691 1713 muro
709 1659 794 1730 passis
813 1658 939 1713 manibus
960 1675 992 1713 su

210 1750 282 1786 more
290 1751 380 1803 pacem
391 1734 424 1787 ab
434 1734 558 1787 Romanis
568 1734 708 1805 petierunt.

265 1808 335 1862 XIV.
358 1809 406 1862 l‘ro
420 1808 463 1862 his
477 1808 619 1862 Diritiacus
633 1808 704 1880 (nam
720 1815 779 1879 post
791 1807 938 1861 discessum
950 1808 986 1862 Be

209 1901 313 1955 garum,
331 1882 449 1937 dimissis
464 1882 615 1937 Aeduorum
626 1883 716 1954 copiis,
737 1883 770 1936 ad
785 1900 847 1936 eum
861 1890 991 1937 revertera

209 1957 269 2011 lacit
279 1958 371 2012 verba:
393 1959 543 2012 Bellovacos
552 1963 621 2013 omui
631 1968 742 2025 tempore
752 1962 780 2011 iu
789 1961 839 2025 fide
851 1965 929 2025 atque
941 1974 994 2012 um

210 2038 273 2087 citio
283 2037 397 2086 ciuitatis
406 2035 509 2086 Aeduae
517 2037 610 2101 tuisse:
630 2036 753 2100 impulsas
767 2035 800 2085 ab
812 2038 868 2085 auia
879 2035 969 2098 princi
976 2056 981 2079 ι

210 2111 263 2169 bate,
276 2113 321 2176 qui
331 2112 452 2170 dicerent,
464 2108 572 2170 Aeduos,
583 2126 600 2160 a
613 2106 724 2161 Caesare
734 2112 762 2160 iu
773 2111 922 2160 seruitutem
931 2125 970 2161 re
983 2130 994 2153 u

210 2190 271 2243 ctos,
291 2198 376 2234 earnes
390 2185 557 2249 iudipnitatec
567 2185 784 2250 contumeliaeque
790 2186 916 2249 perferre,
938 2190 962 2235 et
980 2205 987 2228 e

208 2260 304 2309 Aeduis
312 2259 433 2324 deiecisse
442 2264 466 2308 et
473 2258 569 2323 populo
581 2257 694 2310 Romano
704 2260 796 2310 bellum
809 2258 936 2312 intulisse.
963 2261 976 2304 t

208 2334 285 2383 harim
292 2332 394 2383 comitii
399 2333 650 2399 principeesitisscnt,
658 2336 725 2400 quad
734 2335 917 2399 iutelleqereut,
924 2348 977 2400 qua
993 2359 994 2363 =

209 2414 261 2457 tam
272 2407 445 2457 calamitatem
457 2408 558 2458 civitati
566 2409 720 2469 intulissent,
732 2411 760 2460 iu
770 2407 936 2460 Britanniam
943 2423 991 2473 pr

208 2484 311 2548 [rapiare.
332 2479 419 2531 Petere
428 2496 480 2532 uon
489 2482 572 2532 colum
582 2480 740 2544 Bellouacos,
755 2484 800 2534 eod
814 2486 892 2534 etiam
903 2497 955 2547 pro
968 2483 994 2533 ia

207 2556 316 2615 Aeduos,
329 2560 358 2605 ut
366 2570 415 2607 aaa
426 2557 558 2607 clementia
568 2572 600 2608 aa
609 2559 804 2609 mansuetudine
816 2560 844 2608 ia
855 2572 897 2608 eoa
906 2563 981 2609 utatu

211 2627 284 2692 Quod
293 2632 318 2681 si
326 2632 423 2695 iecerit,
430 2628 577 2682 Aeduorum
586 2635 767 2683 auctoretatem
777 2633 848 2696 apud
857 2630 994 2683 oarueslie

207 2719 255 2769 pua
269 2705 503 2770 amplificatorem:
523 2721 634 2771 quorum
648 2708 759 2758 auxiliis
774 2713 852 2772 atque
866 2707 965 2772 opibus,
990 2742 994 2749 »

208 2795 260 2844 qua
271 2780 337 2830 belia
346 2781 493 2841 inciderint,
504 2787 647 2832 sustentare
659 2784 813 2833 coruueriut.

263 2851 321 2906 XV.
335 2851 429 2905 Caesar
439 2852 546 2907 honoris
556 2853 676 2907 Divitiaci
687 2852 923 2924 atquededuorum
932 2869 962 2905 aa
986 2875 994 2885 r

208 2942 237 2978 sa
247 2942 304 2979 sese
313 2943 357 2979 eos
367 2926 394 2979 in
406 2926 484 2980 fidem
494 2935 659 2998 recepturum
670 2934 695 2981 et
704 2936 920 2983 conservaturum
930 2926 986 2980 dixi

208 2999 255 3052 sed
264 2999 336 3069 quod
349 3007 402 3054 erat
416 3000 507 3055 civitas
519 3020 614 3075 magna
628 3003 696 3056 inter
706 3001 798 3074 Belgas
809 3002 958 3056 auctoritate
971 3019 994 3055 a¹

207 3091 261 3143 que
272 3074 412 3127 hominum
425 3075 595 3131 multitudine
608 3077 764 3147 praestabat,
785 3077 827 3131 DC
842 3076 948 3131 obsides
969 3098 992 3123 ιι

209 3147 300 3216 poscit.
322 3148 368 3200 llis
379 3148 489 3215 traditis,
501 3151 680 3222 omnibusque
690 3152 772 3205 armis
782 3169 814 3205 ex
823 3151 920 3221 oppido
929 3150 989 3205 coll

209 3222 251 3287 tis,
273 3222 306 3275 ab
321 3239 351 3275 eo
366 3221 421 3275 loco
435 3223 462 3278 in
477 3223 543 3278 fines
557 3225 748 3281 Ambianorum
765 3226 894 3297 pervenit,
914 3226 963 3297 qui
985 3248 994 3271 :⁴
