1988 3594
94 597 144 651 450
293 602 325 649 A.
346 602 476 648 HIRTII
494 603 544 647 DE
568 603 691 648 BELLO

94 719 198 766 navem,
217 719 299 773 quam
310 702 346 757 ibi
357 702 612 767 habuitactuariam‚
632 701 763 756 militibus
782 701 899 774 complet

94 787 119 833 et
132 777 274 850 sagittariis
288 784 313 831 et
326 777 411 831 eidem
425 778 536 849 scaphas
549 776 582 832 de
600 777 714 832 navibus
734 776 857 850 adiungit
867 794 900 832 ac

95 852 216 925 singulas
226 870 306 907 naves
316 851 485 907 Caesarianas
494 853 635 907 consectari
646 853 738 923 coepit.
754 852 797 915 Et,
809 868 898 922 quum

94 927 184 1000 plures
192 927 307 992 adortus,
318 926 413 998 pulsus
425 926 583 1000 fugatusque
593 927 654 982 inde
663 925 835 992 discessisset,
848 944 900 982 nec

95 1010 183 1057 tamen
197 1001 333 1056 desisteret
350 1001 499 1073 periclitari,
520 1001 585 1056 forte
598 1002 690 1057 incidit
704 1002 731 1056 iu
741 1018 846 1066 navem,
868 1002 900 1057 in

96 1095 148 1149 qua
159 1085 232 1132 erant
242 1076 295 1132 duo
308 1077 378 1141 Titii,
392 1077 502 1148 Hispani
512 1076 695 1142 adolescentes,
704 1076 804 1130 tribuni
815 1075 901 1150 legio-

96 1153 138 1207 nis
149 1153 267 1223 quintae,
279 1168 394 1223 quorum
405 1160 505 1222 patrem
515 1151 609 1207 Caesar
618 1150 646 1206 in
656 1159 777 1206 senatum
787 1150 896 1224 legerat,

96 1236 121 1281 et
130 1244 191 1281 cum
201 1227 244 1281 his
258 1226 287 1282 T.
298 1226 428 1291 Salienus,
450 1226 568 1282 centurio
580 1225 690 1300 legionis
700 1224 827 1292 eiusdem,
848 1226 900 1298 qui

96 1303 134 1357 M.
144 1301 293 1357 Messallam
305 1301 420 1375 legatum
431 1302 567 1356 obsederat
575 1302 710 1356 Messanae
719 1307 744 1355 et
753 1300 901 1355 seditiosis-

97 1378 165 1431 sima
180 1377 295 1431 oratione
309 1376 379 1447 apud
392 1393 453 1430 eum
464 1383 504 1430 est
519 1393 598 1442 usus;
620 1375 743 1448 idemque
757 1375 901 1446 pecuniam

97 1460 123 1506 et
131 1458 283 1505 ornamenta
292 1450 544 1522 triumphiCaesaris
555 1450 689 1505 retinenda
696 1458 721 1505 et
727 1449 901 1505 custodienda

98 1532 234 1579 curaverat
243 1532 268 1578 et
277 1525 311 1579 ob
325 1525 373 1578 has
388 1542 494 1580 caussas
509 1525 618 1580 timebat
635 1526 698 1580 sibi.
728 1525 775 1579 llio
792 1534 902 1596 propter

98 1599 284 1654 conscientiam
298 1607 461 1670 peccatorum
476 1616 585 1654 suorum
600 1600 730 1670 persuasit
748 1598 902 1655 adolescen-

99 1675 185 1739 tibus,
210 1691 243 1729 ne
262 1682 436 1748 repugnarent
458 1690 568 1746 seseque
591 1673 702 1747 Virgilio
725 1673 899 1731 transderent.

99 1750 190 1819 ltaque
211 1748 315 1803 deducti
336 1767 350 1803 a
369 1749 480 1822 Virgilio
503 1747 536 1803 ad
557 1747 718 1818 Scipionem,
743 1749 901 1804 custodibus

99 1823 401 1890 transditietpostdiem
413 1824 516 1877 tertium
526 1822 730 1877 suntinteriecti.
751 1827 802 1895 Qui
811 1847 901 1901 quum

100 1902 256 1955 ducerentur
266 1899 300 1954 ad
309 1918 407 1966 necem,
420 1903 517 1972 petisse
525 1901 622 1957 dicitur
632 1903 803 1959 maiorTitius
813 1922 827 1958 a
837 1922 902 1961 cen-

50 2008 53 2013 ·
101 1975 260 2040 tumoribus,
272 1975 310 2029 uti
324 1993 352 2029 se
361 1977 485 2047 priorem,
497 1994 578 2048 quam
588 1976 702 2044 fratrem,
711 1978 899 2051 interficerent;

101 2048 182 2120 idque
192 2049 226 2103 ab
238 2050 275 2103 eis
286 2047 360 2103 facile
370 2051 523 2121 impetrasse
532 2059 611 2123 atque
621 2053 655 2107 ita
670 2070 727 2107 esse
740 2051 899 2110 interlectos.

155 2124 259 2177 XXIX.
279 2125 507 2179 Turmaeinterim
516 2127 646 2196 equitum,
658 2127 862 2199 quaeprovallo
872 2129 900 2184 iu

101 2197 259 2252 stationibus
269 2214 326 2251 esse
336 2198 462 2264 solebant,
475 2199 510 2255 ab
520 2200 639 2272 utrisque
647 2200 770 2267 ducibus,
782 2202 902 2274 quotidie

102 2271 213 2327 minutis
228 2271 334 2342 proeliis
346 2272 414 2326 inter
428 2291 456 2327 se
474 2273 624 2404 depugnare
638 2293 690 2331 non
709 2277 899 2333 intermittunt:

102 2363 306 2418 nonnumquam
315 2347 394 2401 etiam
406 2347 530 2404 Germani
568 2348 666 2422 allique
676 2351 828 2406 Labieniani
838 2369 900 2407 curn

102 2421 222 2478 Caesaris
231 2421 375 2494 equitibus,
399 2422 451 2478 fide
466 2423 535 2489 data,
556 2425 625 2479 inter
636 2425 900 2498 seoolloquebantur.

103 2497 236 2551 Labienus
246 2497 351 2551 interim
361 2514 424 2552 oum
433 2507 505 2571 parte
515 2499 645 2571 equitatus
650 2501 751 2572 Leptim
760 2501 899 2572 oppidum,

103 2572 147 2625 cui
157 2578 273 2641 praeerat
283 2571 394 2627 Saserna
406 2590 468 2627 cum
479 2574 629 2629 cohortibus
640 2575 735 2640 tribus,
749 2591 903 2650 oppugnare

104 2663 133 2700 ac
142 2647 169 2700 vi
180 2646 327 2716 irrumpere
336 2648 492 2703 conabatur:
513 2649 585 2720 quod
595 2649 629 2703 ab
639 2648 828 2715 defensoribus
841 2667 903 2721 pro-

104 2729 161 2791 pter
170 2721 303 2794 egregiam
316 2722 490 2777 munitionem
501 2723 591 2794 oppidi
600 2731 625 2777 et
634 2731 822 2779 tormentorum
832 2725 904 2779 mul-

104 2795 254 2860 titudinem,
274 2794 348 2850 iacile
361 2803 386 2851 et
398 2797 456 2851 sine
473 2798 588 2869 periculo
606 2797 802 2854 defendebatur.
827 2799 902 2865 Quod

105 2869 152 2923 ubi
165 2869 270 2941 saepius
286 2870 344 2924 eius
362 2871 495 2942 equitatus
515 2872 596 2927 lacere
610 2890 663 2928 non
678 2873 863 2928 intermittebat
880 2881 905 2928 et

104 2959 190 3012 quum
201 2942 265 2998 forta
274 2951 335 2998 ante
347 2953 448 3017 portam
462 2953 548 3001 turma
562 2947 644 3002 densa
657 2948 811 3014 adstitisset;
832 2965 905 3003 scor-

104 3016 184 3085 pione
204 3019 350 3073 accuratius
368 3021 459 3086 misso,
482 3028 560 3092 atque
578 3038 670 3076 eorum
687 3022 826 3077 decurione
846 3040 906 3094 per-

105 3104 194 3160 cusso,
205 3099 231 3148 et
240 3091 274 3147 ad
282 3091 456 3150 decumanam
465 3094 562 3161 defixo,
578 3094 673 3168 reliqui
689 3097 827 3169 perterriti,
843 3095 906 3172 luga
