1988 3594
95 567 144 621 tte
294 578 324 622 a.
346 576 469 621 rrru'rrr
492 580 539 621 nrt
561 577 685 623 urrnno

62 724 66 729 .
95 675 167 729 Sulla
179 677 293 731 Faustus
302 676 361 730 lecit
371 695 400 730 ac
410 678 442 731 de
452 696 499 731 sua
512 679 621 748 pecunia
632 677 742 750 largitus
752 685 804 731 est:
825 694 894 732 una-

94 768 147 821 que
162 768 223 805 curn
237 753 268 805 iis
279 753 312 806 ab
323 753 394 806 Utica
407 754 581 823 proficiscitur
594 760 671 824 atque
687 753 714 806 in
730 770 841 825 regnum
856 754 894 806 ire

94 828 233 880 contendit.

94 976 214 1029 veniunt.
236 976 306 1041 Quos
317 976 475 1031 omnesCato
484 984 645 1040 convocatos,
659 994 782 1030 unacum
794 985 894 1029 trecen-

94 1050 138 1114 tis,
150 1051 197 1120 qui
208 1052 345 1121 pecuniam
356 1051 471 1121 Scipioni
484 1051 516 1104 ad
530 1051 629 1105 bellum
643 1051 791 1105 laciendum
801 1058 894 1105 contn-

95 1124 186 1185 lerant,
199 1126 325 1189 hortatur,
334 1133 363 1178 ut
372 1126 477 1179 servitia
489 1126 702 1180 nranumitterent
712 1126 894 1196 oppidumque

95 1198 270 1254 defenderent.
293 1200 410 1265 Quorum
422 1218 506 1271 quum
518 1209 617 1270 partem
632 1200 770 1264 adsentire,
793 1209 892 1270 partem

95 1277 214 1327 animum
225 1282 393 1346 mentemque
402 1276 563 1345 perterritam
575 1284 653 1346 atquo
666 1276 693 1329 in
708 1273 797 1347 lugam
814 1274 895 1328 desti-

95 1360 183 1402 natam
194 1350 289 1403 habere.
300 1349 484 1409 intellexisset:
506 1350 621 1420 amplius
634 1350 667 1405 de
676 1368 705 1403 ea
716 1367 742 1403 re
758 1366 833 1422 agere
848 1349 894 1403 de-

94 1424 160 1475 stitit
171 1441 303 1494 navesque
315 1424 345 1477 iis
356 1424 490 1487 adtribuit,
504 1432 541 1488 ut,
558 1425 585 1479 in
596 1443 663 1496 quas
679 1425 794 1496 quisque
808 1432 894 1494 partes

94 1497 181 1561 vellet,
194 1498 408 1568 proficisceretur.
429 1501 496 1569 lpse,
512 1500 637 1554 omnibus
652 1499 731 1553 rebus
746 1498 895 1571 diligentis-

95 1573 162 1626 sime
171 1572 328 1637 constitutiS,
342 1572 430 1627 liberis
441 1574 497 1627 suis
508 1575 539 1628 L.
550 1574 662 1639 Caesari,
678 1574 724 1644 qui
738 1582 794 1627 tum
809 1575 832 1626 ei
847 1591 894 1644 pro

5 1700 11 1715 ‚
95 1655 231 1718 quaestore
240 1647 332 1711 luerat,
340 1648 541 1713 commendatiS,
551 1657 575 1702 et
584 1650 642 1703 sine
652 1648 809 1718 suspicione,
818 1648 895 1702 vultu

95 1731 174 1793 atque
180 1741 307 1786 sermone,
316 1723 510 1794 quosuperiore
518 1732 632 1794 tempore
638 1741 704 1777 usus
712 1722 894 1794 luerat‚quum

95 1798 238 1850 dormitum
250 1799 320 1862 isset,
333 1797 431 1852 serrum
442 1799 510 1851 intre
519 1796 587 1851 clam
597 1799 624 1853 in
639 1798 792 1852 cubiculum
806 1797 896 1851 intulit

96 1881 174 1942 atquc
184 1873 218 1925 ita
229 1891 256 1925 se
267 1873 407 1927 transiecit.
421 1873 473 1939 Qui
483 1890 568 1944 quum
579 1874 667 1927 anima
677 1872 794 1927 nondum
806 1874 896 1942 exspi-

96 1956 149 2000 rata
160 1947 314 2021 concidisset
326 1960 359 2011 et,
373 1949 472 2018 impetu
484 1946 549 2001 lacto
562 1948 588 2001 in
598 1947 751 2002 cubiculum
763 1966 795 2001 ex
806 1948 897 2016 suspi-

95 2022 178 2083 cione,
200 2022 319 2076 medicus
332 2022 526 2092 familiaresque
544 2023 676 2076 continere
696 2030 775 2091 atque
794 2021 894 2074 vulnus

95 2096 212 2168 obligare
221 2096 375 2165 coepissent,
391 2096 447 2165 ipse
456 2096 513 2149 suis
524 2096 648 2150 manibus
659 2095 757 2151 vulnus
767 2095 895 2149 crudelis-

95 2171 163 2223 sime
172 2168 274 2222 divellit
283 2178 362 2238 atque
371 2170 459 2222 animo
468 2170 596 2238 praesenti
607 2187 635 2223 se
648 2169 788 2223 interemit.
809 2169 894 2234 Quem

96 2245 238 2305 Uticenses,
261 2260 424 2314 quamquam
445 2244 552 2297 oderant
564 2244 679 2313 partium
693 2245 785 2316 gratia,
806 2250 893 2296 tamen

94 2326 200 2390 propter
210 2318 266 2372 eius
276 2318 437 2391 singularem
453 2318 625 2384 integritatem
641 2326 665 2373 et
678 2318 751 2389 quod
766 2317 895 2371 dissimil-

95 2394 177 2447 limus
188 2392 350 2464 reliquorum
361 2393 459 2447 ducum
470 2389 561 2458 luerat,
574 2393 698 2466 quodque
711 2393 809 2448 Uticam
820 2393 895 2446 miri-

97 2469 153 2522 ficis
172 2466 295 2539 operibus
313 2469 443 2522 munierat
461 2475 599 2539 turresque
618 2476 737 2534 auxerat,
760 2468 895 2539 sepultura

96 2543 229 2597 adficiunt.
250 2543 308 2609 Quo
319 2543 458 2608 interfecto,
474 2545 505 2597 L.
517 2544 620 2608 Caesar,
636 2552 666 2598 ut
679 2542 781 2615 aliquid
795 2544 845 2597 sibi
862 2561 894 2597 ex

96 2636 125 2672 ea
136 2636 163 2671 re
173 2618 265 2671 auxilii
277 2626 386 2688 pararet,
399 2626 537 2674 convocato
547 2618 652 2689 populo,
662 2620 785 2672 concione
795 2618 891 2681 habita,

96 2693 244 2745 cohortatur
254 2710 354 2757 omneS,
367 2703 394 2747 ut
403 2702 493 2760 portae
502 2700 681 2761 operirentur:
701 2711 727 2747 se
738 2698 766 2747 t'rt
776 2693 895 2747 Caesaris

98 2772 231 2820 clementie
244 2785 362 2835 mupnant
377 2785 446 2835 spem
461 2771 562 2822 habere.
583 2770 681 2840 ltaque,
702 2768 783 2838 portis
798 2766 895 2836 patela-

96 2842 154 2906 ctis,
168 2842 239 2895 Utica
249 2859 381 2914 egressus
393 2842 495 2897 Caesari
507 2843 655 2913 imperatori
671 2843 776 2896 obviam
791 2841 896 2912 prolici-

98 2917 189 2969 scitur.
214 2916 344 2980 Messalla,
366 2924 396 2969 ut
413 2924 467 2970 erat
486 2918 653 2988 imperatum,
666 2917 767 2971 Uticam
776 2915 896 2986 pervenit

96 2990 275 3062 omnibusque
285 2991 367 3062 portis
377 2992 508 3045 custodias
519 2994 601 3063 ponit.

152 3065 304 3119 LXXXlX.
325 3065 420 3121 Caesar
438 3065 553 3132 interim,
578 3066 712 3138 aThapso
729 3080 894 3137 progressus,
