1988 3594
110 528 159 582 478
305 534 335 581 Α.
355 534 484 581 HIRTII
501 535 550 581 DE
568 534 693 582 BELLO

108 635 249 691 contendit.
269 633 345 702 Quod
354 636 401 690 ubi
411 636 543 691 Labienus
552 636 743 703 animadvertit,
756 653 817 692 cum
826 637 903 710 equi-

108 719 163 766 tatu
182 711 287 782 levique
301 720 432 783 armatura
451 729 544 785 agmen
565 712 622 766 eius
638 721 785 768 extremum
798 730 903 784 carpere

109 787 204 858 coepit:
226 794 304 858 atque
313 787 348 841 ita
359 787 472 841 lixarum
484 795 718 860 mercatorumque,
733 791 781 860 qui
795 787 902 860 plostris

109 880 206 917 merces
226 862 370 934 portabant,
392 863 538 934 interceptis
557 863 676 929 sarcinis,
697 864 784 918 addito
801 865 900 929 animo,

109 938 218 1009 propius
229 937 407 1009 audaciusque
419 939 516 992 accedit
530 937 563 992 ad
577 938 799 1025 legiones3q110d
809 939 903 993 existi-

110 1015 206 1078 mabat,
229 1012 325 1067 milites
346 1013 397 1066 sub
413 1030 490 1068 onere
509 1030 538 1068 ac
555 1014 606 1068 sub
624 1014 733 1071 sarcinis
750 1013 903 1088 defatigatos

110 1106 228 1162 pugnare
237 1106 289 1143 non
302 1105 387 1159 posse.
417 1087 489 1155 Quae
502 1106 543 1143 res
554 1088 690 1145 Caesarem
701 1107 752 1144 non
763 1088 901 1145 fefellerat:

110 1182 225 1236 namque
238 1164 372 1235 expeditos
382 1181 415 1218 ex
424 1162 547 1251 singulis·
550 1163 697 1237 legionibus
706 1165 818 1220 tircenos
831 1166 903 1219 mili-

110 1248 148 1295 tes
158 1257 215 1294 esse
225 1240 344 1293 iusserat.
374 1241 464 1311 ltaque
474 1257 527 1304 eos,
539 1240 566 1293 in
576 1240 722 1312 equitatum
733 1240 858 1295 Labieni'
851 1258 903 1294 rm-

111 1316 216 1379 missos,
237 1315 332 1369 turmis
345 1332 454 1369 suorum
467 1315 600 1386 suppetias
610 1315 699 1370 mittit.
729 1316 796 1370 Tum
808 1315 903 1370 Labie·

110 1409 170 1455 nus,
192 1391 324 1445 conversis
335 1390 419 1462 equis,
442 1390 578 1463 signorum
588 1398 728 1462 conspectu
736 1390 900 1462 perterritus,

109 1467 260 1537 turpissime
273 1465 404 1520 contendit
414 1465 512 1538 ingere,
533 1464 624 1520 multis
638 1467 695 1521 eius
709 1467 809 1532 occisis,
829 1483 903 1520 com-

111 1540 234 1613 pluribus
244 1540 397 1595 vulneratis.
417 1540 512 1596 Milites
523 1540 658 1614 legionarii
671 1543 704 1597 ad
714 1559 763 1597 sua
772 1559 800 1597 so
809 1542 903 1613 reeipi-

110 1625 159 1672 unt
168 1616 243 1690 signa
255 1624 332 1687 atque
347 1617 394 1670 iter
404 1617 536 1687 inceptum
547 1618 741 1688 ireooeperunt.
770 1617 903 1672 Labienus

110 1710 156 1765 per
168 1692 261 1765 iugum
271 1709 409 1747 summum
424 1692 496 1748 collis
505 1691 657 1749 dextrorsus
669 1692 760 1765 procul
774 1693 902 1765 subsequi

112 1786 163 1823 non
177 1767 287 1821 desistit.

166 1844 285 1899 LXXVI.
306 1844 448 1915 Postquam
464 1842 558 1900 Caesar
576 1842 609 1897 ad
622 1843 750 1914 oppidum
765 1842 903 1899 Sarsuram

111 1921 192 1984 venit,
216 1919 422 1990 inspectantibus
444 1919 601 1974 adversariis
623 1917 754 1973 interfecto
774 1919 904 1990 praesidio

112 1994 250 2065 Scipionis,
263 2012 347 2066 quum
359 1995 415 2048 suis
425 1993 554 2048 auxilium
565 1992 631 2048 ferre
641 2011 691 2048 non
703 1994 835 2059 auderent,
854 1994 906 2049 ior-

112 2070 171 2123 rter
181 2071 379 2142 repuunanteP
392 2069 518 2133 Corneli0,
535 2077 638 2124 evocato
648 2069 786 2141 Scipionis,
809 2087 856 2140 qni
850 2071 903 2124 rb1

113 2153 239 2216 praeerat,
264 2152 342 2216 atque
355 2162 371 2197 a
386 2143 555 2199 multitudine
567 2145 744 2200 circumvento
759 2144 906 2200 interiecto-

113 2237 173 2291 que,
186 2219 281 2291 oppido
291 2219 400 2290 potitum
423 2227 500 2290 atque
514 2219 550 2273 ibi
561 2219 690 2275 frumento
699 2220 822 2275 exercitui
833 2220 902 2285 date,

113 2304 215 2367 postero
225 2295 267 2349 die
276 2295 309 2350 ad
318 2295 446 2366 oppidum
456 2295 576 2349 Tisdram
588 2296 714 2367 pervenit,
735 2294 762 2349 in
773 2312 827 2367 quo
836 2296 906 2349 Con-

113 2371 268 2442 sidius'per
289 2369 317 2424 id
337 2380 442 2442 tempus
465 2369 548 2425 luerat
573 2389 634 2426 cum
656 2370 750 2445 grandi
776 2371 906 2442 praesidio

113 2446 269 2517 coborteque
286 2463 334 2500 sua
353 2445 535 2519 gladiatorum.
575 2446 682 2510 Caesar,
704 2447 794 2518 oppidi
813 2455 905 2501 natura

114 2530 255 2593 perspecta,
263 2528 341 2592 atque
349 2522 434 2593 inopia
445 2523 479 2577 ab
488 2524 682 2594 oppugnatione
691 2522 748 2576 eius
758 2522 903 2587 deterritus,

114 2598 234 2667 protinus
249 2596 378 2668 profectus
394 2598 494 2651 circiter
508 2599 590 2652 millia
604 2616 731 2669 passuum
747 2607 858 2670 quatuor
873 2599 906 2652 ad

115 2690 213 2744 aquam
229 2671 289 2727 lacit
309 2681 401 2735 castra,
424 2681 502 2745 atque
519 2673 581 2727 inde
600 2682 694 2744 quarto
714 2673 756 2727 die
774 2691 904 2746 egressus,

115 2748 181 2802 redit
192 2766 285 2802 rursus
294 2748 326 2802 ad
336 2766 365 2802 ea
375 2756 467 2811 castra,
479 2765 546 2819 quae
556 2748 588 2802 ad
598 2749 668 2821 Agar
678 2749 813 2802 habuerat.
835 2748 906 2803 Idem

114 2821 175 2878 facit
183 2823 277 2893 Scipio,
292 2823 403 2895 atquein
416 2823 523 2894 antiqua
533 2830 615 2878 castra
624 2824 711 2895 copias
723 2824 831 2878 reducit.

169 2900 300 2954 LXXVII.
322 2900 505 2954 Thabenenses
518 2899 631 2964 interim,
652 2900 699 2970 qui
715 2899 766 2952 sub
776 2898 874 2952 ditione
884 2906 909 2954 et

115 2981 239 3045 potestate
249 2974 328 3029 lubae
340 2993 397 3030 esse
405 2983 585 3038 consuessent,
605 2975 631 3029 in
643 2983 757 3029 extrema
768 2974 824 3028 eius
834 2974 910 3046 regni

116 3051 222 3124 regione
231 3050 363 3105 maritima
373 3049 458 3116 locati,
482 3049 613 3105 interfecto
628 3051 700 3124 regio
707 3049 847 3122 praesidio,
872 3049 912 3106 le-

130 3340 134 3347 ι
