1988 3594
97 612 145 667 tet
296 620 328 662 n,
349 619 479 663 muru
496 619 547 665 DE
566 618 690 664 senno

96 736 156 772 rum
167 717 361 783 difficultatem
382 737 522 791 quumque
536 719 657 773 animum
672 718 826 783 adverteret,
848 736 895 773 ex-

95 793 272 847 celsissimum
283 793 370 848 locum
379 802 524 848 castrorum
536 794 655 848 relictum
665 811 722 848 esse
735 793 768 846 ab
778 793 896 848 Alexan·

94 868 188 932 drinis,
212 867 284 939 quod
297 875 322 922 et
332 885 378 938 per
391 885 420 922 se
430 869 550 923 munitus
561 876 637 932 esset,
657 875 683 922 et
695 868 783 922 studio
798 868 895 940 partim

94 942 242 1015 pugnandi,
273 943 367 1014 partim
392 943 526 1014 spectandi
549 942 760 997 decucurrissent
781 943 810 998 in
831 959 895 996 eum

95 1017 191 1081 locum,
204 1017 230 1070 in
241 1034 296 1088 quo
305 1018 487 1090 pugnabatur;
503 1017 622 1072 cohortes
633 1016 678 1072 illo
687 1017 798 1071 circuire
809 1024 893 1070 castra

94 1098 266 1145 etsummum
282 1092 370 1146 locum
385 1091 492 1164 adgredi
511 1092 601 1149 iussit:
623 1092 710 1163 iisque
720 1090 894 1146 Carfulenum

95 1165 227 1236 praefecit,
241 1173 266 1220 et
279 1165 362 1220 animi
373 1165 556 1238 magnitudine
571 1174 596 1220 et
606 1166 642 1220 rei
652 1165 775 1220 militaris
785 1167 893 1221 scientia

94 1241 183 1294 virum
197 1247 380 1311 praestantem.
399 1238 458 1306 Quo
468 1248 498 1294 ut
507 1248 616 1294 ventum
631 1249 679 1304 est,
700 1240 791 1311 paucis
804 1240 895 1296 defen-

94 1315 218 1369 dentibus
225 1315 410 1379 munitionem,
423 1315 519 1369 nostris
528 1322 618 1369 eontra
629 1313 759 1369 militibus
769 1317 896 1370 acerrime

5 1398 11 1409 ·
95 1388 286 1461 pugnantibus,
303 1389 408 1444 diverso
424 1389 537 1444 clamore
550 1397 575 1443 et
588 1389 687 1460 proelio
696 1389 825 1460 perterriti
834 1390 896 1445 ille·

94 1463 393 1535 sandrini,trepidantes
403 1464 430 1519 in
440 1481 532 1518 omnes
541 1471 781 1535 partescastrorum
791 1465 896 1518 discur-

94 1554 149 1590 rere
158 1545 307 1607 coeperunt.
319 1537 437 1604 Quorum
447 1540 642 1609 perturbatione
651 1546 800 1593 nostrorum
810 1540 894 1595 animi

94 1611 158 1665 adeo
168 1620 231 1666 sunt
242 1613 348 1677 incitati,
365 1620 395 1666 ut
404 1631 486 1684 paene
495 1613 586 1668 eodem
596 1620 712 1685 tempore
724 1631 757 1668 ex
767 1614 894 1668 omnibus

95 1685 223 1756 partibus,
245 1688 326 1758 primi
346 1696 432 1743 tamen
451 1689 629 1743 editissimum
647 1687 734 1742 locum
748 1696 894 1743 castrorum

94 1768 228 1831 caperent:
250 1780 283 1816 ex
303 1779 357 1834 quo
374 1763 540 1818 decurrentes
555 1780 680 1836 magnam
694 1764 894 1818 multitudinem

93 1836 211 1890 hostium
224 1837 251 1891 in
266 1839 358 1891 castris
373 1837 566 1893 interfecerunt.
588 1837 665 1904 Quod
678 1837 827 1909 periculum
837 1838 895 1909 ple-

95 1911 171 1981 rique
180 1910 351 1966 Alexandrini
362 1911 501 1985 lugientes,
508 1912 650 1968 acervatim
660 1929 688 1967 se
698 1912 730 1966 de
739 1912 809 1967 vallo
818 1930 894 1984 prae-

94 1985 269 2070 cipitaverunt
280 1985 307 2039 in
318 2003 376 2040 eam
386 1995 496 2057 partem
504 2005 572 2059 quae
583 1986 686 2042 flumini
698 1995 753 2041 erat
761 1987 893 2043 adiuncta.

95 2060 194 2112 llorum
209 2060 302 2130 primis
317 2060 345 2114 in
361 2061 417 2132 ipsa
437 2061 507 2115 fossa
524 2062 681 2115 munitionis
699 2079 796 2134 magna
816 2062 895 2116 ruina

94 2134 236 2203 oppressis,
251 2134 328 2187 ceteri
344 2133 485 2189 faciliorem
499 2134 590 2207 fugam
605 2136 762 2189 babuerunt
787 2135 897 2191 Constat

95 2206 194 2279 fugisse
203 2224 236 2260 ex
246 2208 435 2293 castrisregem
447 2209 545 2280 ipsum,
548 2217 739 2281 receptumque
749 2210 776 2264 in
787 2226 894 2300 navenp,

95 2281 264 2336 multitudine
273 2299 363 2336 eorum
367 2299 432 2353 ‚qur
427 2282 477 2336 'ad
486 2284 621 2354 proximas
632 2301 712 2338 naves
722 2285 896 2369 adnatabant

95 2356 214 2410 demerso
224 2374 339 2429 navigio
352 2358 461 2428 perisse.
886 2372 896 2403 t

149 2432 264 2484 XXXII.
285 2432 322 2486 Re
335 2431 485 2486 felicissimo
495 2430 683 2518 celerrimeque
697 2440 779 2520 gesta,
800 2433 905 2489 Caesar'
922 2460 925 2467 ν

95 2523 206 2578 magnae
221 2506 343 2560 victoriae
361 2506 455 2562 fiducia
468 2508 590 2578 proximo
605 2509 717 2562 terrestri
734 2508 824 2563 itinere
834 2508 896 2562 Ale-
915 2508 926 2557 κ’

94 2581 234 2635 xandriam
256 2599 318 2635 curn
340 2582 475 2653 equitibus
494 2583 639 2650 contendit3
674 2591 753 2655 atque
772 2601 799 2638 ea
822 2580 911 2652 parte!

95 2655 183 2725 oppidi
200 2656 282 2709 victor
298 2657 407 2721 introiit
431 2674 499 2727 quae
512 2657 644 2728 praesidio
657 2658 774 2712 hostium
788 2656 896 2711 teneba-

95 2737 146 2782 tur.
169 2731 332 2800 Nequeeum
347 2731 487 2785 consilium
502 2749 583 2786 suum
598 2730 697 2797 fefellit,
718 2749 785 2803 quin
795 2730 893 2796 hostes

95 2821 125 2856 oo
135 2803 233 2873 proelio
247 2805 345 2870 audito,
367 2805 456 2859 nibil
448 2824 502 2861 ram
516 2806 549 2860 de
563 2805 631 2860 bello
644 2814 732 2861 essent
740 2805 894 2891 cogitaturi

95 2877 210 2949 Dignum
225 2848 368 2934 advenieirs
378 2879 492 2934 fructum
505 2880 610 2935 virtutis
625 2888 651 2935 et
664 2880 747 2935 animi
761 2879 897 2966 magnitu-

95 2952 165 3004 dinis
176 2952 249 3007 tulit:
270 2970 357 3008 omnis
366 2972 437 3009 enim
448 2954 591 3010 multitudo
600 2954 802 3026 oppidanorum
814 2955 896 3024 armis

95 3026 224 3095 proiectis,
232 3028 480 3099 munitionibusque
490 3029 547 3083 suis
558 3028 663 3094 relictis,
676 3035 747 3083 veste
756 3045 785 3082 ea
795 3037 894 3093 sumta,

95 3116 148 3170 qua
163 3100 296 3171 supplices
306 3101 472 3157 dominantes
486 3103 617 3175 deprecari
630 3110 833 3169 consueverunt,
854 3121 898 3157 sa·
